3174 5040
475 241 558 296 nur
1094 243 1181 298 uni

243 368 284 428 ἐπ’
298 369 379 440 cirri,
395 371 499 430 Coram
510 378 611 429 senatu
624 371 805 436 constitutus,
860 389 924 448 pus,
940 369 1135 445 Aliquamdiu,
1157 370 1197 428 ix.
1215 373 1263 426 22.
1286 387 1313 426 a.
1334 366 1379 426 ἐπὶ
1397 367 1432 435 ἓξ

241 451 283 512 iii.
302 456 369 510 156.
390 473 425 512 m.
448 448 517 517 στάς
537 450 582 510 ἐπὶ
600 448 631 509 τό
653 451 805 528 συνέδριον,
861 447 973 526 ἡμέρας,
991 451 1056 520 Per,
1072 451 1153 508 Intra
1166 449 1297 515 sexdies‚
1309 449 1346 506 vi.
1358 455 1427 506 101.

244 533 328 590 Stans
355 533 391 590 ad
417 533 566 590 introitum
594 533 715 602 concilii,
744 533 803 590 viii.
853 527 1426 608 s.sbburpdnnaaur'rr’ireom'rrs,iii.59.

244 613 293 678 79.
309 633 336 672 α.
349 611 398 670 ε’πί
412 609 552 690 συμφορῆν
561 611 683 682 ε’νέπεσε,
694 614 743 670 vii.
756 617 804 671 88.
860 633 886 671 α.
907 610 952 670 ἐπὶ
965 607 1238 687 Δαρείου-ἐγίνετο
1258 607 1334 666 πλέω
1354 608 1426 668 κατά

243 709 272 748 α.
297 693 368 752 idem
391 693 465 752 ualet
487 713 521 754 uc
542 692 571 758 ές
594 690 746 771 συμφοράν,
770 693 807 752 In
860 689 1023 775 τῇἘλλάδι
1036 690 1053 762 ἢ
1067 687 1312 756 ἐπὶείκοσιάλλας
1326 689 1431 764 γενεάς

242 772 432 832 calamitatem
452 774 563 832 incidit.
588 771 633 832 inl
651 770 686 832 τά
705 771 806 850 κράνεα
861 772 912 839 τάς
925 771 977 850 πρό
992 776 1109 850 Δαρείου
1131 768 1297 847 γενομένας,
1312 772 1369 828 Per
1384 772 1428 828 vi-

243 850 345 930 λόφονς
358 851 521 924 ἐπιδέεσθαι,
536 855 674 931 Adligarc
692 852 806 931 (lmpo-
861 856 935 929 ginti
948 854 1017 912 alias
1038 854 1245 929 generationes,
1260 851 1298 909 vi.
1314 855 1364 910 98.
1389 872 1426 909 m.

242 930 325 1008 nere)
341 935 428 1009 galeis
446 935 554 1004 oristas,
576 936 596 992 i.
619 936 688 996 171.
708 955 743 992 m.
760 933 807 992 De
859 932 875 992 ό
889 933 966 1011 μέγα
979 931 1111 998 πλούσιος
1123 930 1175 990 σάκ
1187 928 1353 1008 όλβιιίτερός
1368 931 1429 990 ἔστι

236 1015 364 1089 formula
377 1011 558 1092 παραλαβεῖν
573 1017 618 1072 ναί
635 1017 745 1072 καλέειν
761 1017 806 1073 ἐπὶ
860 1019 908 1074 τοῦ
928 1014 971 1072 ἐπ’
988 1011 1093 1092 ἡμέρην
1111 1010 1237 1092 ἔχοντος,
1259 1014 1315 1071 Cui
1335 1013 1430 1070 victus

242 1094 329 1158 ξείνια
338 1095 426 1169 paulo
440 1105 503 1153 ante
515 1097 670 1154 dictumest.
687 1097 806 1174 πέμπειν
860 1097 988 1173 suppetit
1003 1097 1040 1154 In
1058 1097 1144 1164 diem,
1162 1096 1181 1153 i.
1198 1099 1235 1152 32
1254 1113 1289 1151 m.
1314 1093 1373 1152 Sed
1393 1094 1425 1150 11.

240 1174 286 1232 ἐπὶ
309 1173 389 1251 ὕδωρ,
417 1175 466 1234 Ad
483 1177 638 1252 petendam
661 1174 806 1252 (adferen-
863 1181 929 1234 181.
945 1195 981 1234 m.
993 1197 1048 1252 pro
1063 1196 1092 1234 eo
1107 1176 1181 1252 quod
1194 1174 1425 1232 consentientibus

242 1252 323 1330 dam)
349 1275 453 1331 aquarn
482 1258 605 1326 mittere,
633 1277 663 1314 v.
695 1262 741 1316 12.
769 1278 804 1316 ιιι.
860 1258 941 1316 libris
967 1257 1069 1314 editum
1093 1265 1155 1314 erut
1179 1253 1222 1313 ἐπ’
1243 1253 1353 1324 ἐκείνην
1375 1251 1430 1326 την

242 1330 297 1394 sbr'
310 1335 356 1394 ε’πὶ
371 1334 402 1394 rb
419 1335 617 1406 unianimiter,
637 1338 684 1396 Ad
705 1346 806 1413 peten-

241 1417 311 1474 dum
338 1417 437 1486 vellus,
465 1419 515 1476 vii.
546 1421 612 1476 193.
636 1417 662 1476 b.
706 1416 755 1475 Sic
777 1423 806 1476 in

245 1495 299 1554 Vn.
317 1495 401 1554 Hom.
427 1499 473 1560 17.
497 1518 531 1554 οι.
555 1498 613 1554 loco
632 1498 737 1574 culpati
762 1497 807 1556 ἐπὶ

241 1573 326 1642 ξύλου
334 1580 418 1634 πλεῖν
428 1580 521 1654 utique
529 1576 574 1634 ἐπὶ
583 1575 665 1641 iinon
673 1581 806 1654 scriptum

241 1657 392 1732 oportebat,
410 1659 631 1733 quemadmodum
647 1659 718 1716 ibid.
740 1679 803 1736 cup.

240 1736 805 1802 6.α.ναοίοκαταπεπλευκάςέπίσῖτονίε-

236 1819 323 1894 qitur.
339 1812 391 1891 ἦγε
405 1817 467 1886 τούς
478 1815 652 1895 Σπαρτιήτας
665 1818 710 1876 tut
720 1818 751 1878 τό
762 1819 805 1878 δε-

239 1896 299 1964 ξιόν
313 1900 401 1978 κέρας,
416 1899 509 1957 Duxit
522 1901 551 1958 in
563 1901 804 1970 dextrumcornn

239 1980 280 2036 ix.
297 1980 346 2044 47.
363 1983 393 2055 f.
410 1981 444 2036 de
459 1978 543 2038 Motu
558 1982 586 2038 in
601 1981 647 2038 uel
658 1981 697 2038 ad
710 1981 805 2040 laeum.

863 1335 955 1408 νάκτα,
970 1357 1030 1396 oum
1046 1337 1192 1412 Scltoesero
1204 1333 1250 1394 ὑπ’
1270 1335 1377 1404 ἐκείνην
1396 1359 1422 1394 τ.

862 1416 947 1477 νύκτα
961 1419 1151 1494 corripendum
1158 1419 1269 1493 putaui.

902 1497 935 1574 4)
958 1497 1125 1556 Nominibus
1151 1497 1337 1556 numeralibus
1363 1493 1429 1553 Ἐπὶ

861 1581 948 1656 adjtn
975 1581 1086 1636 uidetur
1111 1589 1142 1638 ut
1163 1579 1235 1636 alios
1260 1581 1319 1647 Εἰς,
1348 1587 1375 1634 et
1397 1580 1428 1636 in

860 1660 963 1718 Latina
998 1679 1121 1718 sermone
1155 1659 1212 1718 Ad.
1249 1657 1428 1736 Babylonico

860 1751 938 1800 terra
952 1741 992 1798 ita
1004 1741 1121 1816 frugum
1134 1739 1288 1798 cerealium
1295 1741 1376 1796 ferax
1383 1750 1429 1798 est

860 1829 894 1880 ut
906 1821 1007 1880 reddat
1026 1819 1072 1880 ἐπὶ
1091 1817 1225 1890 διακόσια,
1240 1821 1287 1877 Ad
1306 1821 1427 1889 ducena,

860 1921 1076 1977 nonnumquam
1100 1903 1187 1960 etiam
1208 1899 1252 1958 e’nl
1276 1899 1426 1977 τριηκόσια,

861 1982 909 2040 Ad
930 1991 975 2040 ter
995 1991 1125 2052 centena,
1138 1983 1158 2039 i.
1178 1985 1244 2039 193.
1261 1985 1290 2056 s.
1307 1980 1366 2038 Pro
1380 1979 1428 2038 ἐπὶ

240 2058 299 2116 Sed
310 2060 356 2116 ἐπὶ
369 2057 453 2129 δεξιά,
466 2059 507 2118 ἐπ’
520 2059 649 2137 ἀριστερά
663 2060 752 2118 Situm
761 2065 805 2120 in·
861 2061 949 2133 κοινά,
964 2065 1036 2139 quod
1050 2063 1114 2119 olim
1127 2063 1147 2119 i.
1161 2066 1228 2119 216.
1242 2081 1270 2120 a.
1283 2062 1426 2128 edebatur,

239 2141 343 2209 dicant,
359 2144 622 2216 quanotioneetiam
630 2141 805 2200 Latinoser-
860 2147 963 2200 rectius
976 2164 1049 2200 nunc
1067 2142 1192 2200 ἐπίκοινα
1213 2142 1323 2217 leqitur.
1366 2141 1428 2199 Pro

237 2239 314 2276 mone
333 2223 454 2295 perinde
473 2231 499 2280 et
520 2223 568 2278 Ad
581 2223 721 2292 dextram,
737 2233 764 2280 et
776 2224 806 2282 A
860 2222 906 2282 ἐπὶ
926 2222 976 2293 τήν
996 2221 1132 2291 Ἐλλάδα,
1154 2224 1227 2299 quad
1245 2223 1312 2280 libri
1335 2242 1428 2280 omnes

239 2300 341 2357 dextra
354 2301 480 2360 dicimus.
500 2301 569 2358 Vide
586 2322 674 2377 supra
689 2305 719 2359 in
729 2301 804 2379 Ἀρι·
857 2308 1030 2381 praeferunt,
1050 2307 1089 2362 ix.
1110 2307 1159 2361 95.
1179 2324 1206 2360 a.
1229 2323 1264 2360 eu
1287 2303 1428 2360 doctorum

234 2377 329 2454 στερδς
344 2389 370 2438 et
383 2378 488 2447 Δεξιός.
511 2380 559 2438 Sic
574 2380 617 2438 inl
632 2381 667 2440 τά
681 2382 759 2460 έτερα
774 2404 803 2445 r.
862 2380 1432 2461 σίνοτιιηιοοιηεοαιναέπιάντηνἙλλάδα

240 2461 288 2521 74.
309 2479 343 2517 m.
366 2463 395 2535 f.
420 2481 473 2518 non
497 2463 533 2519 In
555 2462 673 2520 alteram
693 2473 804 2540 partem
856 2468 1023 2541 posuimus:
1059 2465 1205 2523 uidendum
1232 2483 1297 2522 uero
1330 2484 1365 2522 ne
1396 2467 1426 2523 in

237 2542 386 2616 siqnifieat,
406 2542 457 2598 sed
481 2542 517 2598 In
540 2543 629 2600 altera
645 2553 735 2620 parte,
757 2546 804 2602 Ab
860 2547 980 2604 eamdem
1000 2549 1160 2604 sententiam
1184 2547 1273 2602 teneri
1294 2548 1428 2620 potuerit,

238 2621 327 2678 altera
337 2629 426 2696 parte.
449 2621 551 2692 Porro,
562 2623 609 2680 ubi
619 2625 654 2681 de
664 2623 805 2684 Mensura
859 2627 1039 2703 debueritque
1044 2626 1258 2697 adeo,librorum
1266 2629 1409 2702 scriptura
1418 2650 1430 2695 ,⁰

237 2703 331 2776 aqitur
365 2701 521 2760 tabularum
553 2723 709 2774 aurearum,
736 2726 805 2783 quas
858 2717 889 2766 ut
910 2728 1005 2783 nempe
1032 2704 1077 2764 inl
1105 2704 1157 2776 την
1179 2703 1305 2764 Ἐλλάδα
1333 2707 1428 2765 ualeat

240 2781 355 2838 Croesus
369 2781 508 2858 Delpbico
528 2785 578 2841 deo
593 2785 739 2852 dedicauit,
759 2788 804 2844 ἐπὶ
859 2788 970 2846 Passim
983 2809 1035 2864 per
1051 2788 1201 2846 Graeeiam.

236 2859 466 2939 μακρότερα(εοι’ί.
474 2861 556 2940 μέρη)
564 2867 703 2942 siqniflcat
712 2868 803 2925 direc-

236 2945 334 3002 tionem
369 2945 405 3002 In
430 2944 589 3020 longiorem
616 2956 737 3022 partem,
766 2949 802 3006 In

235 3022 464 3100 longitudinem
494 3023 539 3082 inl
566 3023 601 3084 τά
628 3023 801 3104 βραχύτερα,

236 3103 273 3160 In
300 3105 460 3162 breviorem
490 3113 611 3181 partem,
643 3127 738 3183 nempe
766 3110 802 3166 In

234 3183 436 3253 latitudinem
466 3183 538 3259 ὕψος
560 3205 626 3244 uero
653 3189 802 3247 Crassities
836 3187 1023 3262 Ἐπιβαίνειν,
1037 3187 1068 3264 1)
1083 3190 1277 3256 Intrare,cum
1286 3187 1423 3248 Accusat.

234 3261 409 3340 intelliqitur,
424 3266 443 3321 i.
460 3271 509 3322 50.
526 3285 553 3324 n.
569 3286 604 3324 m.
624 3267 716 3344 ibique
729 3267 799 3328 Not.

234 3340 276 3400 ἐπ’
299 3341 440 3421 άμφότερα
466 3345 561 3414 νοέων,
591 3348 627 3404 In
649 3362 800 3426 utramque

233 3429 345 3497 partem
368 3423 505 3498 cogitans,
532 3426 575 3482 Re
599 3428 630 3484 in
651 3437 800 3506 utramque

233 3510 345 3577 partem
367 3503 530 3572 deliberata,
555 3507 614 3563 viii.
639 3514 687 3566 22.
703 3513 733 3584 s.
755 3510 800 3567 ἐπὶ

232 3585 346 3658 μᾶλλον
360 3593 387 3641 et
399 3581 445 3640 ἐπὶ
459 3585 546 3642 πλέον
556 3587 620 3644 uide
634 3591 662 3645 in
677 3593 801 3648 Μᾶλλον

233 3664 380 3722 α1Πλέαν.

274 3741 307 3820 2)
323 3745 438 3815 Contra,
454 3744 598 3804 Adversus
612 3748 731 3825 aliquem
745 3753 796 3808 ire.

232 3823 428 3900 στρατεύεσθαι
447 3823 492 3886 iot
517 3825 631 3900 Λυδοός,
654 3831 673 3886 1.
699 3830 747 3892 71.
767 3835 796 3907 f.

232 3905 390 3979 προνεύειν
404 3905 449 3963 ἐπὶ
463 3906 527 3972 τούς
542 3911 661 3984 Πέρσας,
672 3910 692 3968 1.
709 3916 757 3974 77.
766 3915 796 3987 s.

231 3983 327 4042 ἐλάσει
337 3985 383 4042 ε’πὶ
394 3983 504 4062 Σάρδις,
516 3989 583 4046 ibid.
598 3988 798 4065 ἐστρατεύσατο

231 4062 277 4120 ἐπὶ
291 4067 411 4139 Πέρσας,
427 4068 447 4123 1.
463 4072 512 4125 90.
527 4089 562 4126 m.
583 4074 648 4128 102.
664 4091 693 4130 α.
714 4082 741 4128 el
760 4093 796 4131 m.

233 4148 302 4202 156.
318 4149 348 4218 s.
371 4144 417 4202 ε’πὶ
433 4143 538 4212 Ἴωνας
562 4145 653 4208 άλλον
680 4153 799 4230 πέμπειν

231 4223 396 4300 στρατηγόν,
406 4226 426 4282 1.
436 4230 502 4284 153.
509 4227 693 4304 βπυθόμενος
702 4231 797 4310 άγχοῦ

230 4299 303 4364 ε1ναι
328 4303 446 4380 στρατόν
471 4305 513 4362 ἐπ’
536 4305 638 4366 ἑωυτόν
664 4309 752 4382 ἰόντα,
775 4315 794 4371 1.

232 4387 300 4448 157.
314 4406 342 4442 ιι.
359 4386 400 4443 Et
414 4389 454 4444 sic
461 4389 630 4463 frequenter
643 4391 720 4450 alibi.

271 4464 304 4543 3)
315 4464 378 4524 Ἐπὶ
392 4463 507 4544 χρόνον,
523 4469 580 4526 Per
594 4470 709 4549 aliquod
724 4482 795 4532 tem·

900 2870 956 2928 lv.
975 2867 1040 2926 Ἐπὶ
1063 2888 1122 2925 eum
1144 2867 1288 2925 Aduerbio
1311 2871 1427 2943 μᾶλλον

858 2950 922 3006 vide
943 2950 993 3007 sub
1018 2949 1110 3006 uocob.
1138 2952 1270 3016 Μᾶλλον,
1296 2968 1369 3008 nam.
1394 2954 1423 3006 6.

857 3029 904 3086 De
912 3031 1039 3106 formula
1056 3027 1102 3087 ἐπὶ
1116 3025 1202 3086 πλέον
1223 3029 1287 3086 vide
1300 3027 1371 3086 Not.
1386 3031 1428 3087 nd

857 3111 906 3167 vii.
923 3116 971 3168 42.
988 3131 1015 3167 ιι.

856 3273 912 3328 τῶν
922 3267 960 3328 <ir
970 3267 1126 3346 ἐπιβέωμεν
1135 3272 1201 3343 γῆν,
1208 3271 1424 3330 Quorumcum-

855 3370 911 3428 que
937 3351 1114 3428 Intrabimus
1139 3351 1221 3418 fines,
1245 3350 1294 3407 vii.
1321 3356 1370 3409 50.
1390 3353 1422 3424 s.

859 3433 927 3490 Cam
944 3431 1073 3490 Genitioo
1085 3439 1269 3488 constructum
1282 3431 1424 3506 siquijicat

855 3513 968 3570 Intrare
993 3513 1089 3570 hostili
1115 3512 1241 3580 consilio,
1270 3511 1422 3570 Invadere.

854 3589 1030 3668 ἀπηγόρευον
1042 3591 1081 3670 μη
1093 3588 1253 3664 ἐπιβαίνειν
1261 3594 1317 3649 τῶν
1327 3593 1423 3669 σφετέ-

852 3695 908 3747 ρων
922 3671 1019 3750 οόρων,
1035 3675 1072 3730 iv.
1091 3675 1160 3731 125.
1176 3693 1211 3728 m.
1227 3671 1274 3729 ubi
1292 3675 1422 3730 continuo

854 3747 1423 3830 άαίο,είπειρήσονταιέσβαλόντεςααάθια

852 3837 997 3892 sententia.
1035 3832 1067 3911 2)
1082 3834 1290 3902 Conscendere,
1313 3853 1421 3905 nauem,

853 3934 959 3972 murum
972 3936 981 3971 :
1005 3912 1051 3971 ἐπὶ
1066 3912 1131 3982 νηός
1145 3917 1292 3992 φοινίσσης
1306 3911 1422 3986 ἐπιβάς,

853 3995 912 4052 viii.
930 3999 998 4052 118.
1013 4015 1041 4052 α.
1062 3991 1196 4066 ἐπιβῆναι
1217 3993 1262 4050 inl
1280 3991 1332 4063 τήν
1355 3998 1421 4065 νῆα,

852 4075 911 4132 ν111.
930 4079 997 4132 120.
1007 4071 1423 4151 ,1.(ρνοηιιοεείὲσβαίνεινές

852 4152 903 4221 τάς
918 4159 997 4225 νῆας,
1012 4156 1070 4212 viii.
1092 4159 1140 4213 83.
1149 4150 1196 4229 s.)
1211 4153 1279 4211 Post
1287 4157 1422 4232 pertina-

852 4255 908 4293 cem
923 4239 1152 4312 oppuqnationem
1163 4244 1300 4310 postremo
1313 4231 1421 4308 ἐπέβη-

853 4340 908 4374 σαν
922 4315 1067 4386 Ἀθηναῖοι
1078 4319 1125 4374 τοῦ
1133 4319 1247 4393 τείχεος,
1261 4315 1296 4372 In
1303 4335 1422 4376 murum

853 4399 1072 4467 adscenderunt,
1102 4399 1138 4456 In
1173 4415 1287 4454 murum
1320 4415 1420 4454 evase·

852 4487 929 4548 runt,
944 4480 984 4536 ix.
1008 4480 1055 4541 70.
1078 4498 1103 4534 α.
1118 4498 1153 4536 m.
1193 4474 1225 4552 3)
1241 4474 1284 4536 ἐπ’
1297 4473 1420 4560 η’λέκτριρ
