3052 5040
475 281 568 340 ruri

248 407 577 510 ισχνεύρενορίιοόσευίἰὶ.
587 405 811 484 106.ιι.ε’γιόοι’ίτε

248 487 312 548 δέκα
330 490 449 568 ανδριισι
468 489 626 568 ύπίσχομαι
644 490 809 567 (Profiteor,

248 569 382 648 Recipis)
396 567 485 630 οίόστε
503 568 575 629 εἶναι
593 569 745 650 μάχεσθαι,
760 571 809 630 vii.

250 655 317 709 104.
328 672 363 709 m.
375 651 462 718 οὐδεὶς
475 649 612 729 όπὲσχετο
626 650 736 722 εἰδέναι,
750 653 810 710 Ne·

248 750 340 788 mose
354 733 425 789 scire
439 733 587 790 Professus
601 743 654 800 est,
669 734 701 790 ii.
717 737 765 790 28.
781 753 810 791 ο.

227 807 645 890 ’Υπνοῦν,8ορἱιθ.όπνωμένου
653 817 700 871 τοῦ
708 810 811 890 μάγου,

248 891 290 947 111.
307 895 356 949 69.
365 895 395 968 s.
416 893 496 969 Cous.
511 896 689 952 Κατυπνοῦν.

227 967 302 1040 Ὑπὸ,
317 969 498 1049 Proepasitio,
513 985 669 1032 constructa

290 1052 317 1109 Ι.
333 1073 392 1110 cum
409 1053 546 1124 Genitioo,
560 1057 698 1132 sinnificat

291 1130 323 1209 1)
348 1134 481 1192 Cassiam
501 1145 623 1212 ayentem
644 1144 671 1192 et
693 1135 812 1212 efficien-

249 1222 310 1270 tem.
337 1213 443 1272 Omissa
464 1216 649 1292 ouinatirsima
671 1235 732 1284 usa,
760 1235 812 1292 qao

248 1293 359 1370 aliquid
378 1296 487 1353 dictum
501 1297 545 1354 rel
562 1297 670 1354 fectum
688 1315 749 1354 esse
768 1297 812 1353 di-

249 1376 322 1432 aitnr
335 1373 390 1432 ίπὸ
408 1373 493 1446 τινός,
511 1377 557 1434 Ab
572 1377 677 1454 aliquo,
692 1386 813 1434 notemus

243 1456 383 1529 formulas
407 1457 553 1514 annuntias
575 1459 614 1514 ad
634 1458 705 1514 idem
725 1475 813 1532 qenes

246 1539 428 1610 pertinentes,
453 1541 482 1594 in
510 1539 607 1614 quibus
632 1534 687 1594 όπό
711 1537 813 1594 Latine

251 1617 317 1672 Prae
328 1627 376 1673 aut
387 1618 508 1693 Propter
518 1619 601 1675 reddi
609 1619 687 1675 solet.
700 1615 753 1675 όπό
764 1622 814 1687 τῆς

226 1723 231 1730 ·
249 1693 813 1776 παρεούσηςουρφορῆς,Ρεορ1ε1ρ1αιεα-

226 1802 228 1808 ·
249 1783 310 1835 tem
323 1778 522 1844 calamitatem,
533 1780 551 1836 i.
564 1785 612 1838 85.
621 1782 652 1854 f.
667 1775 722 1836 ύπδ
737 1777 814 1844 δέους

249 1858 294 1912 καὶ
305 1862 386 1914 κακοῦ
396 1857 492 1936 φωνην
503 1857 678 1936 έρῤηξε,11)16.
695 1856 813 1930 51ορπὸ

250 1941 297 1994 τοῦ
315 1937 465 2014 παρεόντος
483 1943 574 2010 κακοῦ,
593 1941 811 2016 111.129.ια.]’.

249 2016 298 2074 ούκ
317 2013 364 2076 oia'
384 2043 413 2078 re
433 2019 594 2096 προσωτέρω
615 2019 741 2086 διεξιέναι
759 2018 813 2077 rimi

247 2104 355 2168 πτερῶν
365 2098 577 2177 κεχυμένων,1ν.
586 2103 613 2164 7.
616 2098 705 2176 fairni
715 2104 812 2177 μελισ-

249 2176 321 2235 σέων
332 2179 380 2238 ούκ
389 2177 462 2239 εἶναι
473 2179 592 2240 διελθεῖν
601 2180 632 2240 τό
642 2179 813 2258 προσωτέρω,

248 2278 276 2316 υ.
296 2264 341 2317 10.
358 2281 385 2319 α.
401 2259 456 2320 rinei
475 2266 603 2320 Βοιωτῶν
620 2259 813 2340 ἀναχωρέουσι

249 2337 278 2404 ἐς
295 2337 427 2412 Ἀθήνας,
441 2363 468 2400 v.
485 2348 533 2401 61.
550 2344 575 2401 b.
591 2363 644 2403 αοιι
659 2353 713 2400 tam
732 2344 813 2400 reddi

250 2420 365 2478 debebat
378 2422 425 2482 Ab
441 2424 551 2481 Boeotis
569 2425 707 2482 recedunt
720 2425 813 2480 Athe·

248 2519 319 2569 nes3
349 2521 438 2577 quam,
462 2505 528 2561 Prae
549 2505 667 2573 Boeotis,
691 2506 812 2579 Propter

249 2579 376 2649 Boeotos,
391 2602 496 2658 nempe,
509 2583 593 2640 Metu
603 2585 770 2640 Boeotorum
784 2592 814 2641 et

248 2668 366 2735 propter
396 2662 511 2720 illorum
536 2664 720 2733 vexationes3
758 2667 813 2721 nisi

246 2743 341 2814 potius
357 2761 476 2818 prorsus
490 2744 521 2800 id
538 2743 612 2802 vaiet
625 2745 698 2820 qnod
715 2763 764 2800 nos
783 2747 812 2801 in

250 2824 375 2880 versione
389 2827 539 2900 posuimus,
554 2825 582 2882 A
600 2825 710 2882 Boeotis
723 2825 813 2882 eoacti

250 2910 317 2958 sunt
327 2903 455 2962 Athenas
467 2907 631 2974 concedere,
640 2909 708 2982 fere
719 2907 813 2962 eadem

248 2986 359 3040 ratione
381 3005 435 3061 qua
455 2983 639 3054 ύποθνήσκειν
660 2983 715 3042 ύπό
739 3009 813 3050 τινος

231 3091 234 3096 ·
250 3065 390 3139 siqnificat
399 3067 525 3124 interfici
534 3069 569 3124 ab
578 3068 682 3142 aliquo.
690 3066 812 3135 Rursus,

249 3139 303 3198 ύπό
326 3143 465 3221 μεγάθεος
488 3151 537 3216 τῆς
560 3145 666 3214 πόλιος,
692 3149 814 3224 Propter

249 3227 475 3298 magnitudinem
491 3229 577 3297 urbis,
592 3230 612 3285 i.
631 3232 697 3286 131.
707 3231 737 3304 f.

290 3301 323 3380 2)
337 3303 390 3362 ὑπό
404 3327 463 3364 cum
480 3307 551 3366 Gen.
564 3309 669 3366 indicat
683 3309 814 3366 Onussam

249 3389 469 3443 concomitantem
493 3397 519 3444 ct
543 3385 740 3464 cooperantem,
766 3399 814 3446 aut

248 3461 459 3522 lustramentum
475 3487 526 3543 quo
533 3471 573 3543 fit
585 3470 703 3544 aliquid.
715 3467 813 3544 ἐστρα-

250 3539 360 3601 τεύοντο
373 3541 426 3602 ino*
441 3551 622 3622 σαλπίγγων,
633 3550 653 3605 1.
670 3551 715 3611 17.
729 3569 755 3606 a.
768 3548 810 3607 Ν.

249 3619 374 3698 ιόρυσσον
384 3623 438 3684 ino*
448 3632 605 3702 μαστίγων,
616 3629 664 3686 vii.
678 3634 727 3688 22.
735 3628 811 3687 α.Ν.

249 3725 345 3780 nempe
366 3708 492 3784 Flagella
516 3711 697 3768 instrumenta
721 3721 811 3780 erant,

249 3787 347 3867 quibus
358 3788 402 3845 iiii
412 3789 449 3846 ad
458 3791 623 3848 fodiendum
637 3791 811 3867 canebantur.

250 3865 394 3938 Similiter,
417 3868 522 3938 ε’θηεῖτο
546 3868 595 3928 τόν
617 3869 735 3946 στρατόν
758 3869 812 3928 rinei

1091 277 1184 336 ’1Πο

864 409 954 465 nescio
963 427 999 465 ars
1008 411 1119 466 rectius.
1131 406 1180 465 ίνα
1190 403 1294 464 πάντα
1304 403 1364 464 imi
1372 407 1437 464 ‘m-

865 492 939 559 λησι,
954 485 972 558 ἢ
985 485 1040 546 rinei
1050 485 1172 567 Πέρσησι
1184 486 1379 562 γένηται,1’11.
1393 493 1423 544 11
1429 530 1436 543 .

865 589 899 626 m.
909 573 937 644 s.
954 566 1006 639 mir
1023 566 1150 626 Ἑλλάδα
1172 567 1218 626 όπ’
1239 567 1338 645 ἑωυτῷ
1359 565 1437 636 ποιή-

866 651 979 720 σασθαι,
995 653 1122 726 ρνορτίε,
1143 651 1251 708 Facere
1273 659 1309 706 ut
1324 651 1438 706 Graecia

866 731 926 786 Sub
945 750 975 788 se
996 731 1071 805 (Sub
1090 750 1142 787 suo
1162 727 1305 806 imperio)
1325 731 1377 799 sit,
1391 731 1436 786 vii.

868 812 935 873 157.
950 831 984 868 m.
999 808 1052 868 ύπό
1071 815 1104 892 τῇ
1123 808 1266 888 α’κροπόλι,
1284 811 1437 877 subaros,

864 892 903 947 vi.
922 896 988 950 105.
1003 895 1033 967 s.
1062 890 1218 967 Perperam
1236 911 1307 948 uero
1325 887 1439 947 dirimi

864 967 965 1028 Ὑπάνι
992 973 1055 1029 oiim
1079 972 1219 1049 leqebatur
1243 991 1304 1047 ρτο
1332 969 1382 1027 ε’πί
1405 973 1438 1047 τῷ

866 1048 972 1118 Ὑπάνι,
986 1053 1024 1110 iv.
1042 1057 1090 1110 53.
1099 1056 1129 1127 s
1144 1055 1199 1109 nisi
1212 1049 1270 1108 όπθ
1284 1055 1323 1128 τῷ
1336 1049 1437 1108 Ὕπιίνι

865 1135 1004 1210 είραίγίοοί
1018 1134 1088 1190 Post
1100 1130 1215 1208 (Ultra)
1229 1133 1398 1208 Hypanim.

907 1214 967 1270 ΠΙ.
984 1210 1050 1271 ’Υπό
1064 1233 1122 1270 eum
1135 1212 1320 1283 Accusatioo,

910 1290 941 1368 1)
963 1296 997 1351 de
1016 1293 1089 1350 Laco
1108 1291 1154 1350 ael
1172 1294 1235 1352 Sita
1256 1303 1437 1370 usurpatum,

865 1376 942 1431 modo
969 1376 1040 1432 Post
1069 1376 1215 1451 sionifieat,
1248 1376 1330 1431 modo
1367 1377 1435 1432 Sub.

866 1453 1044 1530 κατακρύπτει
1063 1451 1176 1530 (αὐτόν)
1191 1452 1248 1512 ind
1266 1453 1323 1525 την
1340 1453 1436 1530 θύρην,

867 1535 938 1593 Post
947 1537 1074 1612 januam,
1085 1536 1103 1590 1.
1116 1540 1164 1592 12.
1176 1555 1210 1592 m.
1228 1532 1359 1610 (Eodem
1370 1556 1437 1610 ροτ-

867 1618 934 1673 tinet
942 1613 996 1672 όπό
1004 1617 1126 1673 absolute
1130 1619 1260 1692 positam,
1271 1618 1438 1692 siyniricans

866 1697 894 1753 A
913 1705 1003 1774 tergm
1023 1693 1078 1754 ὑπό
1097 1694 1134 1766 δέ,
1153 1701 1345 1774 φαρετρεῶνες
1365 1695 1437 1773 ε’κρέ-

865 1799 965 1854 μαντο,
975 1779 1022 1835 vii.
1036 1781 1084 1835 61.
1095 1774 1138 1853 a.)
1149 1775 1183 1834 rei
1197 1774 1253 1833 ύπό
1266 1776 1321 1846 τήν
1336 1774 1437 1853 ἄρκτον

867 1854 901 1934 (i.
918 1879 944 1935 q,
967 1855 1022 1916 ύπό
1040 1861 1073 1940 τῇ
1091 1855 1187 1934 όρκτιρ,
1203 1859 1265 1915 Sub
1279 1878 1362 1928 urso,
1380 1860 1437 1915 Sub

865 1935 1436 2014 septemtrionibus)dotmrabaretensium,

865 2037 893 2076 V.
912 2023 957 2076 11.
974 2019 999 2076 θ.
1026 2019 1170 2088 Similiter,
1184 2017 1283 2076 ὕπεστι
1297 2016 1436 2096 οἰκήματα

865 2096 922 2156 ύπό
935 2103 1000 2173 γῆν,
1015 2098 1050 2175 (i.
1067 2119 1093 2176 q.
1109 2096 1162 2156 ύπό
1176 2096 1240 2182 γῇ.)
1254 2101 1285 2156 11.
1307 2103 1377 2164 127.
1392 2121 1426 2156 m.

887 2177 921 2254 2)
935 2182 1045 2238 denotat
1061 2179 1189 2256 Tempus,
1204 2199 1257 2256 qao
1267 2181 1385 2257 aliquid
1390 2183 1436 2257 fit

865 2258 919 2317 ύπό
930 2259 981 2330 την
993 2259 1077 2319 νύκτα
1087 2259 1200 2330 ταύτην,
1213 2261 1277 2317 Hac
1288 2271 1388 2330 nocte,
1397 2264 1434 2318 ix.

867 2345 916 2398 51.
925 2344 954 2416 s.
969 2339 1023 2398 όπό
1040 2339 1092 2410 τήν
1111 2339 1324 2417 παροιχομένην
1344 2340 1435 2411 νύκτα,

867 2422 1012 2492 Proxima,
1028 2419 1209 2498 (Praeterita)
1222 2430 1319 2487 nocte,
1335 2424 1378 2479 ix.
1392 2429 1435 2480 58.

867 2521 894 2559 α.
906 2506 954 2560 60.
965 2523 992 2559 a.
1004 2523 1039 2560 m.
1051 2499 1104 2558 ύπό
1115 2499 1167 2573 την
1178 2499 1291 2574 πριύτην
1302 2501 1436 2560 ἐπελθοῦ-

867 2605 923 2640 σαν
937 2581 1031 2651 virro,
1039 2585 1077 2641 vi.
1090 2589 1119 2640 2.
1131 2603 1158 2640 a.
1170 2579 1225 2639 όπό
1238 2580 1290 2640 τόν
1304 2580 1377 2653 νηόν
1390 2607 1436 2640 κα-

866 2661 1014 2732 τακαέντα,
1038 2665 1104 2726 Quo
1124 2671 1254 2739 tempore
1276 2674 1436 2721 crematum

867 2753 911 2800 est
931 2745 1080 2820 templum,
1103 2745 1122 2801 i.
1144 2747 1191 2801 51.
1210 2763 1237 2800 a.
1261 2741 1318 2800 όπὸ
1339 2749 1434 2813 ταῦτα,

867 2826 912 2881 Εο
925 2832 1053 2900 tempore
1068 2845 1125 2900 quo
1137 2825 1201 2880 haec
1215 2825 1395 2894 acciderunt,
1406 2827 1435 2882 ii.

870 2903 936 2961 142.
946 2908 974 2980 f.
990 2904 1016 2962 oi
1030 2903 1181 2979 Αἰγύπτιοι
1194 2903 1247 2960 ὑπό
1267 2903 1335 2970 τούς
1349 2904 1436 2962 θανό-

868 3007 930 3050 τους
943 2984 1025 3060 (Quo
1040 2995 1167 3061 ternpore
1182 2992 1316 3042 mortuus
1327 2995 1373 3043 est
1386 2988 1436 3044 ali-

867 3067 931 3140 quis
945 3063 1076 3142 suorum)
1089 3065 1190 3123 ᾰνιεῖσι
1204 3063 1255 3130 τός
1269 3069 1373 3144 τρίχας
1388 3063 1436 3125 αύ-

868 3147 971 3216 ξεσθαι,
985 3147 1016 3204 11.
1033 3152 1082 3205 36.
1098 3167 1126 3204 α.

910 3224 942 3303 3)
967 3225 1060 3284 Variis
1081 3228 1146 3284 aliis
1167 3227 1253 3284 modis
1274 3228 1435 3286 adhibetur.

867 3305 1067 3381 ὑπαγαγόντες
1076 3331 1126 3385 μιν
1136 3304 1190 3365 όπό
1199 3305 1389 3384 δικαστήριον,
1398 3311 1436 3366 ix.

868 3393 917 3446 93.
928 3409 963 3445 m.
973 3387 1015 3445 N.
1026 3391 1063 3447 vi.
1075 3395 1123 3452 72.
1137 3389 1162 3446 b.
1180 3387 1237 3456 Sic,
1252 3385 1309 3446 rimi
1324 3387 1375 3446 τόν
1390 3388 1437 3458 δῆ-

866 3491 929 3546 μον,
941 3471 979 3526 vi.
994 3473 1060 3526 136.
1075 3489 1102 3526 α.
1116 3466 1170 3526 iet
1184 3467 1247 3532 τούς
1259 3466 1389 3544 ἐφόρους,
1399 3472 1437 3526 vi.

869 3551 916 3606 82.
933 3569 960 3606 α.
988 3549 1055 3619 Sed,
1075 3547 1128 3606 όπό
1141 3551 1238 3607 τοῦτον
1251 3547 1302 3606 τόν
1316 3547 1439 3625 στρατόν

867 3627 1080 3706 καταφυγόντες,
1096 3631 1156 3688 Sub
1171 3630 1249 3686 hunc
1262 3632 1437 3700 exercitum,

867 3713 887 3766 i.
903 3731 927 3768 e.
943 3713 995 3768 sub
1009 3712 1094 3788 hujus
1108 3711 1250 3768 exercitus
1263 3707 1329 3786 (qai
1343 3710 1373 3767 in
1387 3731 1438 3768 ora

867 3794 952 3848 muris
972 3789 1075 3868 stabat)
1097 3791 1216 3849 tutelam
1235 3792 1438 3867 confugientes

866 3872 950 3928 duces
964 3873 1071 3940 classis,
1084 3873 1125 3929 ix.
1141 3875 1190 3929 96.
1200 3874 1230 3946 s.

247 3952 396 4021 μαστίγων
420 3947 613 4024 διαβαίνοντα,
638 3953 686 4009 vii.
711 3956 759 4010 56.
781 3973 810 4010 ιι.
845 3949 1034 4025 Ὓποβαίνειν,
1059 3953 1203 4010 Deorsum
1226 3952 1278 4020 ire,
1301 3951 1435 4010 Descen-

248 4021 435 4103 interipsum
457 4030 634 4108 προηγόρευε,
656 4033 713 4090 Per
735 4052 811 4109 prae-

249 4124 359 4176 eonem,
393 4111 538 4170 Praeoonis
569 4133 632 4190 ope,
666 4113 811 4171 Praecouis

246 4203 326 4254 voce,
341 4188 380 4244 ix.
398 4193 446 4246 98.
463 4211 490 4249 a.

289 4266 333 4324 II.
351 4263 418 4324 Ὑπό
432 4289 491 4327 cam
504 4271 619 4343 Dotion,
635 4272 736 4331 Latiae
750 4275 810 4331 Sub

246 4364 306 4404 oum
315 4347 345 4404 A
346 4347 456 4405 biativo.
466 4347 512 4408 ὕπ’
522 4350 594 4428 αύτῷ
604 4350 654 4430 (τῷ
667 4351 810 4431 ἀμφιβλή-

248 4425 332 4505 στριρ)
347 4427 478 4497 καθεύδει,
493 4433 524 4489 11.
534 4437 583 4490 95.
592 4437 621 4507 s.
631 4433 679 4490 abi
686 4435 738 4492 aiii
748 4438 809 4511 qui·
824 4483 834 4508 0

225 4535 229 4540 ·
248 4509 316 4578 dem,
333 4506 377 4566 ὑπ’
392 4509 468 4582 αὐτὰ,
483 4529 578 4590 nempe
592 4511 671 4578 ἐνδύς
684 4512 729 4571 ὑπ’
743 4512 810 4572 oiri

865 4033 933 4090 dere
944 4055 951 4102 ς
968 4033 1120 4090 undeAar.
1133 4039 1162 4090 2.
1176 4029 1341 4105 ’Υποβῆναη
1354 4036 1437 4110 quasi

867 4113 1064 4182 Descendisse,
1090 4114 1122 4170 id
1144 4122 1194 4180 est,
1218 4113 1299 4170 Infra
1322 4115 1435 4172 subsis-

866 4202 936 4264 tere,
965 4194 1018 4264 oei,
1052 4195 1223 4252 Inferiorem
1257 4189 1435 4268 (Minorem)

866 4294 937 4332 esse.
950 4271 1155 4351 τεσσαράκοντα
1164 4271 1252 4338 πόδας
1260 4269 1376 4345 θποβιὶς
1385 4279 1437 4343 τῆς

867 4352 959 4431 ἑτέρης
972 4352 1056 4413 τοίυτό
1069 4353 1204 4434 μέγαθος,
1219 4355 1300 4412 Infra
1314 4355 1435 4412 ulterius

866 4433 1048 4513 (pyramidis)
1083 4437 1223 4514 aequalem
1253 4436 1433 4512 magnitudi-

865 4536 930 4574 nem
955 4517 1110 4577 subsistens
1134 4515 1322 4597 quadregints
1348 4517 1433 4592 pedi·
