3052 5040
448 251 540 330 xpus

222 379 329 438 talenta
338 383 439 436 mutuo
450 377 550 434 darent
563 395 570 444 ;
586 375 636 450 sed
649 374 732 444 uncle,
745 374 788 432 Ut

223 459 323 518 decem
337 459 391 516 sibi
405 458 512 516 talento
525 457 636 514 darent.

264 537 296 616 2)
308 537 437 596 Medium
451 537 583 613 χρᾶσθαι,
598 537 694 592 rarius
707 531 786 612 χρίε-

224 621 299 676 σθαι.
331 619 373 676 Et
386 619 509 695 χρᾶσθαι
523 617 632 692 quidem
646 625 738 674 tenent
752 616 788 672 li·

224 699 270 757 bri
289 701 411 756 amnesi.
429 698 495 759 172.
511 699 541 772 s.
559 699 627 758 187.
642 715 676 753 m.
691 695 723 752 ii.
740 701 787 754 15.

224 800 252 837 a.
262 781 301 837 iii.
311 782 359 836 99.
371 798 398 835 α.
411 780 478 840 117.
488 797 523 834 οι.
535 785 561 834 et
571 776 646 834 alibi.
658 772 789 852 χρέεσθαι

225 879 290 917 uero
300 858 489 934 probatissimi
499 859 599 934 quique
611 854 678 914 libri
688 856 789 913 dedere

224 940 245 996 1.
261 944 310 996 21.
319 942 348 1014 f.
365 935 426 1014 (ubi
440 942 512 1013 cons.
528 934 614 1012 Not.)
629 945 655 994 et
671 937 737 999 187.
752 956 788 992 m.

220 1039 276 1095 pro
301 1039 341 1090 eo,
370 1019 442 1095 quael
468 1017 612 1093 utrobique
638 1017 701 1073 olim
728 1016 790 1072 onl-

221 1109 315 1176 patam
342 1109 412 1168 erat,
440 1099 570 1176 χρῆσθαι,
598 1116 678 1174 quam
712 1097 791 1154 uerbi

219 1183 341 1256 formam
359 1179 436 1255 apud
455 1177 592 1236 Nostrum
610 1177 735 1234 meliores
753 1176 790 1234 li-

225 1261 270 1318 bri
290 1280 344 1318 non
365 1268 535 1336 apnosennt:
558 1277 620 1315 nam
640 1260 721 1314 etiam
738 1257 789 1314 vii.

228 1345 296 1399 101.
315 1343 345 1417 s.
367 1359 422 1416 pro
443 1340 506 1396 olim
533 1338 652 1414 uulpate
669 1339 791 1414 χρῆσθαι

222 1421 412 1498 probatissimi
434 1420 500 1477 libri
523 1416 684 1495 χρήσασθαι
707 1419 791 1474 dede-

226 1511 302 1560 runt.
344 1500 479 1558 Praesens
498 1499 650 1557 Iadieatioi
668 1494 792 1574 χρέωραι

220 1585 329 1658 format
341 1579 458 1646 Noster,
477 1599 572 1654 nempe
591 1581 696 1637 inseria
714 1579 793 1636 breui

227 1662 318 1720 vocali
328 1684 341 1717 ε
352 1671 416 1718 ante
426 1685 447 1717 υ
454 1663 562 1736 formae
572 1661 717 1717 eommunis
728 1678 793 1716 eon-

228 1751 329 1800 traotae
353 1745 474 1819 χρῶμαι.
524 1738 635 1796 Passim
657 1759 722 1796 vero
748 1759 793 1796 oa-

228 1826 319 1880 eurrit
333 1827 414 1878 etiam
421 1824 516 1896 forma
531 1817 658 1897 χρέοραι,
672 1820 761 1876 vocali
776 1843 795 1875 a

229 1904 375 1960 eommunis
390 1905 496 1978 formoe
517 1900 611 1958 Ioniae
632 1919 705 1956 more
730 1902 759 1956 in
781 1922 794 1956 ε

229 1993 342 2052 mutata,
370 1992 401 2040 ut
427 1985 457 2040 in
483 1981 626 2056 Infinitioo
653 1977 793 2056 χρέεσθαι.

233 2063 315 2140 Coos.
338 2072 432 2120 notato
453 2063 492 2119 ad
516 2059 583 2118 Var.
607 2060 684 2118 beet.
705 2061 725 2118 i.
745 2065 794 2129 34,

232 2148 278 2200 14.
301 2147 367 2210 138,
389 2145 437 2201 13.
461 2147 528 2211 155,
552 2146 598 2200 14.
618 2146 686 2210 215,
702 2147 730 2197 5.
746 2142 793 2198 vii.

233 2229 299 2292 102,
328 2227 357 2281 6.
383 2233 412 2281 et
442 2222 511 2280 alibi
536 2224 654 2297 passim.
697 2221 796 2297 Itaque

230 2303 371 2379 Partioip.
398 2303 493 2360 Praes.
518 2302 682 2378 plerumque
707 2297 795 2378 χρεό-

230 2407 323 2460 μενος,
335 2383 450 2440 subinde
464 2402 528 2440 vero
538 2385 619 2440 etlam
632 2379 794 2458 χρεόμενος.

236 2462 334 2520 Tertia
354 2462 448 2520 Praes.
471 2462 554 2520 Plnr.
577 2459 715 2538 χρέωνται
728 2465 797 2536 fere

230 2543 369 2611 omnes‚·i.
392 2547 459 2600 215.
479 2562 506 2598 a.
527 2551 553 2598 et
567 2541 593 2598 b.
615 2545 684 2599 216.
705 2561 733 2599 a.
753 2542 796 2599 iii.

232 2628 282 2680 48.
312 2641 347 2678 m.
376 2622 423 2678 ubi
449 2622 558 2698 quidem
591 2621 643 2678 alii
672 2621 798 2679 nonnulli

133 2717 136 2721 ·
231 2698 362 2780 χρέονται
374 2705 546 2778 praeserunt,
561 2711 588 2758 et
605 2697 735 2777 χρέονται
750 2721 797 2779 epo

232 2786 314 2841 etiam
341 2785 418 2840 tenui
443 2784 463 2840 i.
494 2785 544 2840 34.
600 2779 698 2840 Tertia
724 2785 795 2860 sinp.

232 2864 349 2940 Impers.
361 2865 518 2940 promiscue
532 2861 633 2940 ἐχρᾶτο
646 2872 673 2920 et
686 2860 795 2938 ἐχρῆτο.

237 2943 305 3002 Vide
329 2943 394 3002 Var.
418 2942 496 3001 Leot.
518 2945 557 3000 ad
576 2944 606 3000 ii.
631 2947 699 3005 173.
720 2963 748 3000 a.
772 2953 798 3000 et

232 3025 272 3082 iii.
291 3028 357 3082 129.
373 3043 402 3080 a.
450 3023 573 3080 Tertiam
583 3023 663 3099 plur.
679 3022 795 3098 Imperf.

232 3101 368 3180 ἐχρέωντο
375 3107 502 3179 formant
515 3122 604 3160 omnes
617 3103 649 3159 ii.
665 3107 713 3160 43.
725 3123 759 3159 m.
765 3107 795 3178 f.

233 3186 284 3242 sed
301 3186 374 3241 inter
387 3181 522 3260 ἐχρέωντο
537 3192 564 3241 et
576 3179 705 3259 ἐχρέοντο
719 3185 797 3259 flue·

233 3273 312 3321 tuant
331 3265 363 3321 ii.
386 3269 453 3321 108.
467 3267 496 3338 f.
511 3264 550 3320 111.
566 3264 615 3322 57.
635 3283 670 3320 m.
686 3263 732 3320 vii.
748 3269 796 3334 50,

234 3349 263 3400 2.
284 3363 313 3400 ο.
361 3342 484 3400 Tertiam
508 3363 573 3401 vero
597 3342 677 3420 Sinp.
699 3343 796 3401 Praes.

233 3427 336 3500 χρᾶται
350 3425 477 3498 formant
496 3423 670 3480 libri.omnes
687 3422 717 3480 1.’
729 3425 796 3486 137.

233 3523 269 3559 m.
283 3503 381 3579 quibus
394 3503 600 3578 refrapautibus
613 3500 723 3580 χρέεται
737 3505 797 3560 eali·

234 3584 276 3640 dit
291 3582 401 3658 Sabas.
422 3584 470 3659 qui
489 3583 597 3659 quidem
617 3585 721 3659 χρᾶται
739 3603 798 3641 aum

234 3664 299 3722 aliis
320 3663 440 3720 omnibus
458 3666 546 3721 tenuit
563 3664 593 3721 ii.
610 3667 659 3721 95.
671 3666 699 3738 s.
720 3661 798 3720 Rar-

233 3763 280 3802 sus
303 3745 345 3801 iii.
372 3745 465 3818 'IS-s.
488 3746 584 3819 optimi
607 3747 708 3820 quique
732 3744 799 3801 libri

232 3827 334 3900 χρᾶται
361 3824 505 3892 dederunt,
533 3823 581 3880 ubi
607 3824 670 3880 olim
697 3827 798 3900 χρῆται

234 3906 335 3960 editum
349 3913 419 3960 erat.
455 3903 491 3960 In
504 3913 567 3960 tert.
585 3902 664 3980 Sinp.
679 3902 796 3979 imperf.

227 3985 369 4056 fluctuant
380 3981 447 4040 libri
457 3986 529 4040 inter
539 3980 640 4060 ἐχρᾶτο
651 3993 678 4040 et
688 3982 796 4059 ἐχρῆτο,

232 4061 264 4117 11.
287 4063 354 4130 173,
377 4067 403 4119 1.
426 4073 451 4120 et
468 4063 509 4120 iii.
530 4068 597 4128 129,
618 4069 645 4120 8.
669 4063 798 4120 Secunda

232 4138 329 4196 Praes.
345 4139 477 4215 Imperat.
490 4141 572 4218 χρέω,
584 4143 604 4200 1.
620 4148 687 4200 115.
702 4163 737 4200 m.
751 4144 798 4200 ubi

231 4216 299 4295 χρέο
316 4219 359 4276 ed.
383 4219 492 4296 Seaaes.
513 4232 609 4279 cantra
630 4241 710 4298 quam
732 4223 798 4280 libri

233 4319 332 4356 omnes.
365 4297 461 4355 Tertia
475 4301 608 4374 Imperat.
624 4300 749 4378 χράσθω,
764 4305 795 4361 11.

236 4383 302 4434 123.
318 4398 345 4434 a.
360 4383 492 4434 eommuui
505 4379 635 4436 librarum
653 4401 794 4440 aurisensu.

1066 246 1156 300 XPA'

841 377 928 432 uisum
954 385 995 432 esi
1021 377 1072 433 boa
1096 375 1153 432 loeo
1177 392 1297 431 monere.
1343 371 1410 428 Fut.

840 453 1005 532 χρήσεσθαι,
1015 465 1043 512 el
1049 455 1079 513 A
1080 460 1181 513 aristis
1191 451 1358 530 χρήσασθαι
1369 455 1413 508 ni-

842 537 884 594 bil
903 537 948 594 uel
969 537 999 593 di
1028 536 1139 593 auliatis
1162 535 1207 592 uel
1228 535 1413 590 dubitationis

842 617 952 676 babent.

877 695 1025 774 Sipnifieni
1035 706 1133 764 autem,
1146 706 1177 753 ut
1190 697 1264 772 χρᾷν
1279 695 1327 751 uel
1341 697 1414 769 χρῆ-

844 799 901 846 σαι,
930 777 1017 846 Dare,
1048 779 1090 834 sio
1123 775 1251 834 Medium
1284 771 1415 851 χρέωμαι

842 853 940 934 τοότρ,
961 855 1055 914 Datur
1075 857 1121 914 uel
1143 857 1252 913 Datum
1273 869 1321 911 est
1342 855 1416 910 mihi

843 937 920 1007 hoo;
958 937 1022 992 iuule
1051 938 1152 994 Habeo
1181 937 1244 1004 hoc,
1275 945 1304 991 et
1328 954 1416 1009 prce-

843 1020 947 1088 sertim,
972 1017 1048 1074 Utor
1075 1017 1128 1074 hae
1154 1036 1187 1073 re
1209 1016 1255 1072 vel
1278 1016 1336 1072 hoa
1363 1015 1417 1070 ho-

843 1099 944 1155 mine:
979 1099 1147 1173 omninoque,
1173 1099 1246 1152 siant
1274 1114 1418 1152 commune

844 1178 956 1236 uerbum
988 1173 1123 1254 Χρόομιιι,
1157 1177 1198 1232 sia
1230 1185 1257 1232 et
1288 1175 1417 1232 Ionicum

845 1255 974 1335 Χρέωμαι
994 1257 1096 1315 Latino
1118 1257 1192 1315 Utor
1211 1257 1353 1314 adcurate
1372 1275 1417 1312 re-

844 1341 969 1414 spondet,
992 1349 1099 1415 tamque
1113 1340 1260 1413 frequenti
1281 1346 1310 1393 et
1336 1338 1418 1393 uario

845 1419 1046 1496 multiplicique
1062 1421 1092 1476 in
1110 1438 1161 1475 usu
1176 1427 1225 1485 est,
1246 1437 1329 1493 quam
1344 1418 1419 1473 Mem

846 1499 978 1558 Latinam
1002 1499 1122 1557 verbum.
1168 1498 1256 1574 Cuius
1277 1517 1349 1555 usus
1375 1499 1418 1554 di-

847 1599 1044 1656 oersarumque
1056 1579 1253 1655 formularum,
1268 1581 1300 1635 in
1317 1579 1419 1655 quibus

848 1661 898 1717 boo
920 1660 1031 1718 uerbum
1054 1660 1210 1727 adhibetur,
1238 1659 1273 1716 de
1299 1659 1418 1733 amplis-

847 1744 918 1798 sima
941 1740 1126 1815 exemplorum
1151 1741 1233 1815 eopia
1260 1743 1292 1796 in
1320 1739 1418 1796 Musis

849 1825 1050 1878 occurrentium
1082 1821 1247 1878 notabiliora
1280 1821 1419 1876 nonnulla

848 1903 1010 1976 adposuisse
1038 1901 1159 1975 juvabit.
1193 1897 1307 1977 τοιούτῳ
1342 1899 1419 1978 pipp

848 1979 998 2058 ἐχρήσατο,
1025 1982 1125 2038 Talem
1152 1982 1219 2038 viiae
1246 1981 1338 2037 finem
1367 1982 1420 2038 hs-

849 2063 922 2126 buit.
938 2063 958 2120 1.
976 2064 1043 2124 117.
1060 2071 1131 2118 extr.
1153 2059 1323 2136 (soresmos
1342 2082 1419 2119 mum.

850 2147 879 2201 3.
892 2139 1062 2217 Pessimum.)
1076 2143 1135 2220 θεέρ
1148 2145 1245 2222 πομπῇ
1257 2139 1421 2218 χρεόμενος

850 2223 895 2280 uel
915 2220 1075 2300 χρεόμενος,
1096 2222 1232 2280 Divinam
1251 2223 1421 2280 missionem

849 2303 977 2372 habens;
1000 2305 1031 2359 id
1046 2311 1094 2372 est,
1107 2303 1256 2360 Divinitus
1270 2303 1387 2372 missus,
1402 2305 1420 2360 i.

851 2386 900 2441 62.
909 2387 939 2458 s.
954 2385 992 2442 iv.
1011 2387 1077 2440 152.
1092 2402 1127 2440 m.
1154 2381 1213 2439 Sea
1229 2388 1358 2460 συμφορῇ
1371 2407 1421 2460 ρε-

851 2463 930 2540 χόλρ
948 2465 1073 2539 χρᾶσθαι
1091 2482 1145 2520 non
1164 2464 1243 2519 moda
1256 2465 1422 2540 sipnifieare

852 2545 962 2602 uidetur
989 2544 1124 2618 Magnam
1152 2543 1346 2602 calamitatem
1374 2565 1421 2602 ac-

851 2625 980 2700 cepisse3
1013 2625 1063 2680 sea
1083 2623 1155 2680 idem
1171 2626 1240 2698 sere
1265 2624 1366 2682 ualere
1389 2645 1421 2682 aa

852 2702 995 2781 συμφορὴν
1007 2705 1147 2761 ποιεῖσθαι
1166 2703 1245 2779 (viole
1260 2703 1422 2783 Συμφορή.)

853 2783 911 2854 Sto,
923 2781 1088 2862 ἀχθομένων
1102 2785 1147 2841 καὶ
1161 2787 1284 2866 συμφορῇ
1295 2785 1421 2863 χρεωμέ-

853 2867 973 2934 νων,ν11.
986 2870 1092 2923 lima.
1103 2875 1128 2923 et
1139 2867 1226 2922 ταῦτα
1237 2862 1421 2936 α’κοόσαντες,

853 2949 974 3024 συμφορῇ
981 2947 1014 3022 τῇ
1021 2949 1140 3024 μεγίστῃ
1149 2941 1422 3022 ἐχρῶντό-011141.

851 3029 1014 3104 οσυντυχίῃ
1028 3022 1114 3105 ταύτῃ
1133 3025 1312 3102 χρησαμένη,
1326 3048 1354 3086 v.
1370 3033 1420 3086 41.

851 3125 879 3163 a.
890 3106 935 3163 rai
943 3109 1077 3184 συντυχίῃ
1087 3103 1266 3184 χρησόμενος
1274 3109 1319 3164 καὶ
1330 3113 1422 3187 σοφίῃ,

852 3187 946 3243 Simul
965 3187 1116 3243 fortuitum
1136 3207 1234 3244 casum
1259 3189 1423 3264 adjutorem

852 3276 961 3336 nactus,
976 3267 1060 3324 simul
1073 3267 1225 3324 calliditate
1238 3287 1319 3336 usus,
1335 3270 1355 3326 i.
1373 3275 1424 3328 68.

851 3367 879 3404 a.
891 3348 1012 3424 χρῆσθαι
1026 3345 1099 3424 αὐτῷ
1110 3345 1201 3421 (παιδὶ
1212 3349 1249 3425 τῷ
1258 3347 1330 3424 ἐμῷ)
1344 3354 1424 3408 τοῦτο

852 3424 886 3502 (τ’.
900 3447 925 3484 e.
947 3423 1016 3483 κατὰ
1036 3427 1127 3498 τοῦτο)
1148 3425 1164 3484 b'
1184 3451 1210 3485 τι
1231 3424 1266 3484 ab
1289 3425 1423 3501 βούλεαι,

852 3507 872 3564 1.
888 3512 957 3564 210.
971 3509 1001 3582 f.
1017 3507 1064 3564 ubi
1079 3527 1231 3584 perperam
1250 3507 1338 3586 τούτῳ
1358 3513 1425 3568 olim

853 3587 962 3644 editum.
973 3583 1138 3663 ἀπορέοντος
1147 3585 1287 3660 βασιλῆος
1297 3587 1342 3646 ὅτι
1352 3590 1425 3668 χρή-

853 3689 930 3724 σεται
941 3664 992 3743 (nl.
1005 3665 1155 3743 χρήσαιτο)
1166 3672 1202 3744 τῷ
1209 3665 1343 3744 παρεόντι
1352 3672 1425 3748 πρή-

852 3769 949 3823 γματι,
958 3748 1007 3804 vii.
1017 3753 1087 3806 213.
1098 3769 1126 3806 a.
1136 3747 1179 3805 N.
1190 3746 1275 3826 τοότιρ
1288 3747 1345 3824 μὲν
1358 3751 1426 3810 τάδε

853 3825 1000 3904 ἐχρήσατο,
1014 3828 1045 3885 ii.
1071 3832 1135 3885 106.
1156 3847 1189 3884 m.
1211 3825 1262 3898 τὴν
1283 3825 1314 3886 δέ
1337 3831 1426 3889 νύκτα

853 3905 918 3964 τάδε
929 3905 1002 3983 αὐτῷ
1013 3911 1127 3984 χρᾶται,
1139 3909 1169 3966 11.
1180 3913 1228 3966 95.
1234 3913 1264 3984 s.
1276 3907 1320 3968 N.
1332 3909 1424 3988 (conf.

852 3984 952 4061 Τόδε.)
978 3985 1110 4063 πρότερον
1138 3985 1295 4065 χρεώμενος
1324 3990 1425 4070 (αὐτῷ,

853 4087 948 4142 nempe
962 4064 1150 4145 Ὠνομακρίτιρ
1167 4066 1376 4148 χρησμολόγῳ)
1392 4071 1426 4131 τό

852 4143 987 4223 μάλιστα,
998 4148 1097 4208 Quum
1106 4157 1284 4224 anteaquam
1295 4154 1426 4210 maxime

852 4247 939 4302 opera
960 4227 1045 4303 hujus
1065 4229 1138 4285 vatis
1162 4237 1236 4285 esset
1257 4249 1351 4300 usus3
1384 4237 1426 4290 sie

853 4309 923 4364 onim
936 4310 1040 4364 rectius
1054 4307 1242 4384 intellipentur
1257 4312 1312 4366 ista
1325 4313 1424 4382 verba,

852 4407 941 4462 quam,
966 4389 1008 4444 uti
1031 4387 1111 4464 oulpo
1135 4399 1313 4464 aeceperunt,
1338 4393 1425 4450 fami-

222 4454 310 4512 ,Haea
321 4458 356 4512 rte
365 4459 446 4512 uaria
458 4456 539 4531 bajus
548 4458 625 4514 uerbi
629 4462 796 4532 formatione
850 4466 999 4526 liarissime
1020 4486 1054 4525 eo
1074 4487 1144 4526 usus
1165 4480 1247 4539 esset,
1272 4471 1322 4530 vii.
1347 4476 1377 4529 6.
1394 4477 1424 4550 s.
