3068 5028
466 250 569 304 ΔΗΜ
1100 245 1182 298 AIA

250 376 405 454 δημιοεργοὶ
412 373 478 454 με’λι
486 375 634 451 ε’κμυρὶκης
642 375 814 449 τεκαὶπυροῦ
865 369 958 430 πάντα
968 369 1060 430 ε’κεῖνα
1069 369 1170 442 ἑδηΐου,
1181 372 1240 430 viii.
1252 376 1300 430 50.
1310 374 1339 446 s.
1348 367 1434 440 δηῖιά-

249 461 367 523 ποιεῦσι,
381 456 430 512 vii.
447 461 496 512 31.
511 474 546 512 m.
580 455 750 512 Communem
763 471 813 508 no·
866 475 966 518 σαντες
979 449 1085 510 αάτέων
1098 447 1150 520 την
1163 449 1268 528 χώρην,
1282 452 1343 508 viii.
1361 454 1432 508 121.

248 536 329 594 minio
346 538 479 611 sormam,
504 531 676 611 δημουργοάς
699 531 812 608 ἄνδρας,
868 553 896 590 ο.
912 529 1096 601 δηῖιάσαςτην
1109 535 1205 600 νῆσον,
1218 533 1256 588 vi.
1275 537 1340 589 135.
1355 551 1382 588 ο.

250 617 344 674 eedem
366 618 474 672 notione
498 615 582 672 nuber
606 617 643 672 iv.
676 618 741 676 194.
767 613 814 669 ubi
849 611 1090 689 Διάρνιεροιιιὶο.
1106 612 1173 668 Cum
1190 611 1284 670 Genit.
1301 613 1367 679 Per,
1383 611 1433 678 In,

253 697 317 752 uide
330 693 400 751 Not.
547 712 550 719 ·
867 693 957 750 Inter.
975 692 1134 767 Uourpotur
1150 689 1181 766 1)
1192 691 1239 748 ubi
1249 693 1342 768 unitur
1354 691 1388 747 de
1401 710 1434 746 eo

232 777 335 850 Δῆμος,
354 797 395 844 ου,
415 770 440 842 ὁ,
458 771 490 849 1)
511 792 565 830 non
580 772 666 830 solum
685 772 814 848 Populus
868 773 957 848 Cujus
970 791 1056 848 opere
1069 773 1178 847 aliquid
1193 774 1241 846 fit.
1259 770 1329 828 Vide
1342 789 1434 845 supra

251 857 407 924 universus,
441 855 492 912 sed
523 853 639 910 subinde
672 852 814 928 oiyitlettm
866 851 1059 926 ιἠἋγγελος.
1082 849 1118 926 2)
1132 853 1166 908 de
1183 852 1325 926 Tempore
1343 853 1434 912 eonti-

251 933 346 1003 Plebo,
361 934 448 992 Plebs
461 953 560 1009 egena,
575 935 621 990 oui
640 941 815 1008 opponuntur
867 951 921 990 nuo
940 936 999 988 siue
1013 931 1181 988 Durotione.
1198 927 1243 988 διά
1260 926 1367 993 παντὸς
1383 932 1435 986 τοῦ

252 1014 433 1089 Locupletee,
447 1013 466 1070 i.
486 1016 551 1070 196.
565 1033 592 1070 ο.
608 1032 643 1070 m.
664 1011 714 1069 Sto
727 1021 754 1068 et
767 1015 815 1068 τοῦ
867 1009 979 1088 χρόνου,
988 1013 1030 1068 ix.
1049 1016 1095 1070 13.
1106 1031 1133 1068 ο.
1146 1009 1178 1068 δι’
1189 1007 1300 1087 ἡμέρης,
1311 1006 1345 1084 (ι’.
1358 1030 1386 1085 q.
1399 1006 1436 1064 δι’

253 1091 354 1150 Λυδῶν
363 1089 449 1170 δήμου
457 1091 487 1150 αἱ
498 1089 654 1167 θυγατέρες,
662 1092 682 1150 i.
693 1096 782 1150 93.m·
790 1101 816 1148 et
867 1091 937 1160 ὅλης
951 1094 1001 1160 τῆς
1014 1087 1125 1168 ἡμέρης,
1141 1092 1199 1149 Per
1216 1099 1311 1148 totum
1328 1085 1435 1162 diem,)

251 1191 280 1230 v.
297 1178 346 1230 30.
360 1193 388 1230 ο.
406 1182 471 1230 eunt
489 1172 571 1229 Filiae
590 1173 682 1246 plebis
701 1172 814 1246 Lydiae.
868 1172 905 1228 vi.
932 1177 976 1228 12.
994 1191 1024 1228 α.
1044 1172 1064 1228 i.
1085 1175 1134 1233 97.
1153 1190 1180 1226 ο.
1199 1189 1233 1226 m.
1254 1170 1285 1226 ii.
1307 1171 1374 1230 173.
1395 1187 1433 1224 m.

252 1249 302 1308 τὸν
330 1250 418 1328 δῆμον
443 1251 691 1326 προσεταιρίζεται,
720 1250 817 1308 Plebis
868 1251 1000 1309 vitulo.
1017 1259 1091 1308 extr.
1112 1249 1145 1308 δι’
1163 1246 1247 1318 ἔτεος,
1263 1250 1320 1306 Per
1337 1257 1437 1306 totum

251 1332 377 1390 savorem
396 1332 451 1390 sibi
471 1332 639 1400 conciliavit,
661 1349 687 1388 v.
707 1334 756 1388 66.
779 1350 814 1386 m.
868 1349 985 1397 annum,
1002 1331 1032 1388 ii.
1057 1335 1105 1388 32.
1123 1332 1152 1405 f.
1173 1327 1206 1406 3)
1224 1329 1259 1386 de
1277 1328 1435 1386 Intervallo

252 1407 302 1468 τδν
311 1408 398 1487 δῆμον
407 1408 602 1487 προσθέμενος,
611 1429 638 1466 v.
647 1414 696 1467 69.
708 1428 743 1466 m.
752 1413 815 1485 ets.
869 1413 1009 1486 temporie.
1039 1408 1084 1466 διά
1107 1414 1197 1485 τρίτου
1220 1405 1304 1477 ἔτεος,
1332 1408 1437 1465 Tertio

293 1489 327 1566 2)
357 1489 413 1547 Uti
436 1492 471 1548 de
492 1492 572 1565 Pago
592 1489 690 1546 Attico
714 1492 815 1566 ορὶιοτ,
869 1509 983 1565 quoque
1002 1509 1087 1560 anno,
1101 1491 1131 1546 ii.
1146 1496 1175 1546 4.
1191 1509 1218 1546 o.
1237 1486 1283 1545 διά
1300 1511 1436 1557 πεντετη-

253 1571 375 1628 notendo
382 1569 509 1644 formula
522 1567 722 1644 hujusmodis}
732 1567 817 1647 δήμου
868 1568 951 1644 ρίδος,
966 1570 1076 1631 Quinto
1093 1589 1208 1646 quoque
1224 1588 1308 1637 anno,
1322 1569 1364 1624 iii.
1380 1570 1434 1630 97.

254 1651 433 1718 Δεκελεῆθεν,
447 1649 496 1706 vii·
510 1652 558 1706 93.
573 1668 600 1706 ω.
618 1649 769 1724 eujusmodi
787 1653 817 1706 in
863 1652 893 1723 s.
918 1646 964 1706 διά
984 1652 1075 1725 τρίτης
1096 1645 1208 1726 ἡμέρης,
1231 1649 1262 1706 ii.
1283 1650 1331 1710 37·
1350 1668 1378 1706 a.
1401 1645 1437 1704 δι’

246 1724 376 1803 formula
396 1731 623 1803 proepositionem
643 1727 674 1784 ἐκ
696 1732 818 1786 omittere
869 1726 1380 1804 e're'uuelron,Vigesimopostanno‚
1393 1729 1434 1784 vi.

254 1810 598 1883 consueuitsequioroetae.
611 1807 817 1864 Similiteroero
872 1813 938 1866 118.
948 1812 977 1884 s.
994 1807 1039 1866 διά
1053 1806 1197 1866 ἑνδεκάτου
1210 1805 1284 1872 ἔτεος
1301 1806 1437 1864 ἀπίκοντο

189 1918 197 1930 =
255 1891 337 1946 etiem
350 1891 411 1964 ipre
429 1887 589 1946 Herodotus
606 1888 648 1944 iii.
664 1893 713 1945 55.
728 1888 755 1944 b.
769 1885 817 1956 δή·
868 1886 966 1954 ὀπάσω,
977 1890 997 1948 i.
1006 1893 1054 1946 62.
1065 1909 1092 1946 ο.
1103 1889 1145 1946 Ε1
1153 1888 1344 1946 mbintelleeto
1348 1907 1436 1962 ρτιε-

253 1981 307 2044 μου
319 1964 376 2042 γάρ
390 1971 485 2025 τοῦτου
498 1961 533 2036 ἦν
547 1971 596 2036 uit,
612 1969 646 2024 ele
660 1968 762 2026 Pitane
776 1969 816 2024 lo·
868 1969 1013 2042 positione,
1026 1972 1116 2044 τρίτου
1131 1967 1228 2042 μηνδς,
1243 1969 1341 2025 Tertio
1359 1987 1437 2042 quo-

254 2065 350 2122 quens,
369 2067 443 2123 pago
463 2048 613 2104 Laconico.
658 2047 818 2104 Clisthenes
869 2066 926 2122 que
945 2068 1052 2117 mense,
1067 2049 1105 2106 iv.
1124 2050 1237 2122 180.f.
1275 2047 1334 2104 Sed
1351 2051 1438 2121 τριῶν

253 2124 317 2190 τούς
325 2123 426 2203 δήμους
432 2123 680 2202 (τῶνἈθηναίων)
689 2124 818 2204 κατένεμε
868 2123 1000 2204 ἡμερέων,
1009 2129 1090 2186 Intra
1099 2129 1234 2192 triduum,
1244 2128 1275 2184 ii.
1287 2132 1354 2184 115.
1358 2130 1387 2201 s
1399 2124 1436 2201 4)

254 2205 284 2270 ἐς
297 2204 348 2269 τάς
362 2203 426 2262 δέκα
440 2205 541 2282 φυλάς,
556 2226 583 2263 v.
599 2211 647 2264 69.
656 2211 686 2280 s.
869 2207 983 2265 deLoeo
992 2208 1037 2264 oel
1047 2209 1287 2282 Spatioeontinuo,
1293 2210 1436 2282 frequen-

294 2282 327 2359 3)
355 2284 505 2361 Siyillutim
535 2283 620 2362 δῆμος
652 2285 818 2360 intelliyitur
870 2288 1007 2352 tenenti
1014 2307 1112 2344 eonem
1122 2285 1193 2363 ῥέων
1201 2284 1234 2344 δι’
1243 2284 1375 2362 Εὐρώπης
1384 2297 1437 2344 aut

256 2364 383 2438 Populus
409 2365 490 2432 liber,
515 2366 573 2421 suis
596 2373 680 2421 utens
705 2365 817 2439 legibus
869 2363 915 2424 διά
928 2364 1019 2435 πάσης
1028 2365 1172 2442 Εάράπης,
1186 2367 1276 2424 inne.
1285 2369 1315 2442 f.
1333 2365 1394 2423 Sed
1407 2377 1438 2424 et

254 2451 284 2500 et
297 2444 445 2500 institutis.
469 2442 518 2500 Sic
531 2444 551 2500 i.
570 2445 635 2506 170.
651 2446 681 2518 s.
697 2443 816 2520 κατάπερ
870 2446 905 2502 de
918 2445 1071 2504 Intervallo
1090 2449 1176 2521 spatii
1193 2449 1335 2522 occipiunt
1352 2446 1438 2522 ουΙρο

254 2524 278 2578 εἶ
297 2520 378 2599 δῆμοι
393 2519 459 2592 εἶεν,
475 2524 599 2580 Perinde
617 2543 650 2580 ao
668 2523 692 2580 ei
711 2525 816 2600 singuli
871 2522 916 2581 διά
929 2523 1071 2600 τριήκοντα
1085 2524 1177 2603 δόμων
1189 2528 1319 2593 πλίνθου,
1333 2526 1353 2582 i.
1365 2528 1437 2588 179.

254 2603 353 2677 populi
366 2603 448 2658 liberi
461 2611 565 2662 esseut.
870 2625 896 2661 ο.
910 2605 958 2662 ubi
971 2606 1127 2682 intelliyunt
1140 2607 1301 2681 Trigesimo
1318 2625 1438 2681 quoque

234 2679 383 2758 Δημόσιος,
396 2705 437 2749 ου,
448 2679 473 2750 ὁ,
483 2682 616 2739 Minister
626 2683 765 2757 publicus.
781 2681 817 2740 τά
870 2693 959 2741 struto
971 2685 1111 2744 laterum:
1133 2686 1184 2742 red
1193 2687 1257 2742 uide
1271 2706 1337 2761 quae
1351 2687 1391 2742 οά
1403 2687 1434 2744 h.

254 2758 386 2838 χρήματα
399 2763 483 2819 αὐτοῦ
497 2759 687 2838 κηρυσσόμενα
700 2759 754 2818 ὑπὸ
768 2767 816 2820 τοῦ
871 2764 889 2820 l.
905 2768 1066 2822 notavimus.
1083 2763 1116 2840 5)
1130 2767 1165 2822 de
1174 2765 1337 2823 Eminentia
1352 2765 1439 2822 Inter

254 2839 395 2917 δημοσίου,
402 2843 439 2898 vi.
449 2846 516 2899 121.
523 2846 552 2917 f.
563 2839 695 2918 (δημόσια
705 2840 816 2919 χρήμα-
870 2843 1003 2911 οάοο,ιι6ι’
1012 2846 1145 2902 commode
1154 2846 1292 2902 interdum
1301 2864 1357 2920 ρετ
1366 2845 1438 2903 Prae

253 2945 298 2989 τα,
313 2941 379 2997 quae
392 2943 427 2978 ee
439 2921 548 2979 Herod.
560 2923 580 2978 i.
591 2931 618 2978 et
630 2923 679 2979 vii.
695 2926 762 2979 σάοι
772 2922 814 2979 H.
870 2922 972 2980 Latine
997 2925 1135 2982 redditur.
1159 2923 1205 2982 διά
1228 2923 1344 2982 πάντων
1368 2922 1440 2991 ἄξια

253 3001 423 3076 Stephanus,
451 3021 505 3058 non
531 3003 609 3079 αραά
634 3001 815 3071 Herodotum,
870 3000 1013 3079 θαυμάσαι
1025 3001 1160 3080 μάλιστα,
1171 3005 1230 3061 viii.
1247 3010 1297 3067 37.
1312 3025 1350 3060 m.
1365 3002 1439 3082 ὑμῖν

252 3081 304 3138 sed
315 3083 393 3157 apud
405 3081 599 3139 Herodianum
613 3079 768 3158 lequntur.)
870 3079 916 3138 διά
932 3080 1048 3140 πάντων
1065 3082 1172 3154 ἥκιστα,
1187 3085 1247 3144 viii.
1265 3089 1333 3141 142.
1349 3104 1377 3142 ο.
1394 3085 1441 3142 Et

293 3160 445 3237 Δημόσιον,
460 3160 500 3231 τά,
512 3165 532 3218 i.
542 3182 569 3237 q.
584 3159 599 3218 ὀ
614 3159 708 3237 δῆμος,
718 3163 814 3236 Popu·
869 3163 971 3238 absque
986 3162 1182 3237 Superlutiuo:
1198 3162 1230 3220 ε’ν
1242 3163 1375 3240 πρώτοισι
1389 3189 1437 3222 τε-

251 3241 306 3308 lue,
322 3242 437 3309 Civitas,
450 3241 619 3308 Commune,
632 3242 813 3316 Respublica.
869 3240 1004 3319 τιμημένη
1016 3240 1061 3299 διά
1072 3241 1188 3300 πάντων
1198 3247 1253 3300 τῶν
1264 3242 1436 3320 συμμάχων,

252 3317 285 3374 ori
296 3321 449 3392 Κορινθίων
457 3323 504 3375 τοῦ
513 3319 644 3395 δημοσίου
657 3318 814 3388 ἐστὶνάθη-
870 3323 927 3378 viii.
936 3320 1191 3398 69.α.εάδοκιμε’ων
1199 3321 1245 3380 διά
1253 3322 1369 3380 πάντων
1377 3328 1440 3381 τῶν

252 3395 363 3470 σαυρδς,
385 3395 462 3454 α’λλά
481 3397 622 3470 Κυψέλου,
637 3400 656 3456 i.
673 3404 720 3456 14.
736 3420 764 3455 ο.
778 3419 813 3458 m.
867 3397 1025 3471 βασιλήων,
1040 3403 1080 3460 vi.
1102 3407 1151 3461 63.
1166 3405 1196 3477 s.
1212 3401 1277 3472 θέης
1290 3400 1370 3468 ἄξιον
1388 3402 1439 3462 διά

252 3475 300 3531 uti
312 3477 439 3532 nonnulli
451 3477 530 3532 codd.
543 3475 629 3552 δήμου
639 3481 812 3552 praeferunt.
868 3477 982 3537 πάντων
995 3484 1051 3538 τῶν
1063 3479 1262 3559 α’ναθημάτων,
1270 3484 1290 3540 i.
1301 3488 1351 3542 25.
1364 3483 1391 3540 b.
1402 3487 1438 3558 6)

257 3552 326 3610 Vide
344 3554 410 3612 Ver.
427 3555 505 3612 Leet.
525 3565 552 3611 et
565 3555 635 3611 Not.
649 3554 726 3621 ὅστις
738 3581 762 3614 τι
777 3563 814 3634 τῷ
867 3558 1082 3636 Nonnumquam
1096 3560 1142 3618 διά
1158 3563 1230 3620 idern
1243 3583 1277 3619 ae
1290 3561 1323 3619 ἐν
1340 3561 1387 3619 uel
1405 3564 1439 3630 ἐς

250 3630 448 3710 βασιλέῖἢτῷ
461 3631 581 3711 δημοσίῳ
594 3632 748 3711 &merituri
762 3643 811 3695 59.
867 3639 950 3696 valet.
986 3639 1035 3696 Sic
1048 3638 1094 3696 διά
1115 3639 1231 3698 πάντων
1249 3645 1279 3698 in
1298 3645 1440 3718 exemplis

231 3711 403 3790 Δημοτελὴς,
417 3713 471 3782 ἑας,
482 3711 507 3782 ὁ,
519 3711 545 3782 ἦ,
563 3716 708 3772 Publicus.
722 3716 758 3784 ἥν
772 3741 814 3781 τις
863 3720 1263 3796 proximeedlotispooor'eeum
1273 3721 1351 3780 AEm.
1360 3722 1439 3782 Por-

242 3796 350 3861 ’θυσίην
356 3793 491 3871 δημοτελῆ
499 3791 632 3863 ποιέηται,
639 3796 675 3851 vi·
684 3799 764 3854 tna.
771 3795 812 3852 N.
867 3807 893 3852 to
903 3817 958 3872 pro
971 3797 1002 3855 ἕν
1015 3803 1087 3856 πᾶσι
1100 3804 1238 3876 ueeipere.
1254 3802 1304 3858 Sic
1318 3800 1363 3859 διά
1382 3802 1437 3881 με’-

231 3871 369 3948 Δημάτης,
391 3897 432 3942 ου,
456 3871 482 3942 ὁ,
508 3874 651 3940 Plebeiae,
680 3874 812 3933 Privatus
867 3899 916 3933 σου
930 3880 951 3934 i.
966 3898 993 3953 q.
1005 3876 1037 3934 ἓν
1049 3876 1126 3957 μέσῳ
1134 3883 1163 3938 in
1174 3882 1227 3938 ille
1236 3883 1341 3956 phrasi
1354 3881 1386 3939 ἕν
1397 3889 1439 3962 τῷ

249 3952 346 4020 homo,
360 3953 391 4008 ii.
409 3955 477 4014 172.
492 3973 520 4009 ο.
535 3973 563 4010 v.
581 3959 629 4010 ll.
638 3956 669 4027 s.
865 3953 911 4012 διά
923 3955 1010 4032 μέσου
1023 3956 1127 4036 χράνρ,
1138 3962 1198 4018 viii.
1212 3963 1262 4022 27.
1274 3983 1303 4018 ο.
1316 3959 1362 4018 διά
1374 3963 1438 4039 μά-

230 4031 333 4104 Δηοῦν,
345 4040 372 4086 et
377 4034 474 4103 somn
487 4036 572 4107 meyie
584 4032 681 4089 Ionica
696 4037 810 4103 Δηῖοῦν,
866 4058 920 4110 χης
932 4035 1104 4106 ἐλεύσονται,
1114 4040 1152 4097 vi.
1161 4045 1190 4098 9.
1193 4043 1224 4116 s.
1232 4043 1304 4104 idern
1314 4044 1394 4118 ,qnod
1405 4043 1439 4110 ἐς

248 4107 626 4186 Vastan'fflopularie’ijeuu
634 4111 812 4182 τῆςἈττικης
864 4114 972 4190 μάχην.
988 4116 1038 4174 Sic
1052 4115 1098 4174 διά
1110 4116 1206 4195 μάχης
1219 4119 1352 4178 ἀπικέατο
1364 4120 1436 4199 ‘Ap-

248 4186 284 4242 τά
302 4185 531 4260 παραθαλάσσια,
545 4209 573 4244 v.
590 4194 637 4246 89.
658 4211 685 4247 ιι.
706 4190 748 4247 Ν.
764 4193 812 4250 ubi
864 4192 957 4271 πάγῳ,
971 4197 991 4252 i.
1014 4201 1080 4254 169.
1104 4219 1131 4256 α.
1154 4197 1187 4275 7)
1209 4199 1371 4276 Simqularis
1391 4204 1438 4260 n-

248 4265 423 4361 antiquiorem
436 4263 550 4346 ἐδῄουν;
565 4269 717 4325 totudoero
730 4275 811 4345 quoni
864 4277 967 4348 quendi
982 4277 1110 4349 formula
1131 4289 1171 4336 eet
1193 4278 1275 4352 α’γιδν
1294 4282 1437 4355 γυμνικδς

247 4364 266 4401 u
280 4341 809 4438 ineu3inuritutioriverbismrnu.i631-
864 4349 909 4410 διά
923 4351 1016 4423 πάσης
1034 4353 1160 4429 α’γωνίης
1180 4355 1266 4435 ἔχων,
1282 4361 1314 4416 ii.
1334 4365 1385 4420 91.
1403 4368 1437 4439 f.

247 4424 632 4491 ΐουνπαντα,υἰὶι.33.ο.οδι’
641 4425 806 4506 οὶὲἰὲδῄουν.
864 4432 934 4490 Not.
949 4430 1048 4510 (Confi
1064 4456 1152 4512 supra
1167 4440 1260 4498 vocab.
1276 4439 1437 4518 Ἀγωνίη.)
