3068 5028
451 269 542 322 EIIE

1070 269 1162 324 ΕΠΕ

224 400 330 473 patrini
352 398 415 454 olim
432 394 558 474 ἐπηρώτα
580 396 721 465 edebatur,
744 396 791 452 ubi
841 392 928 474 ἐπέχη
953 398 991 454 ibi
1018 397 1098 473 culpo
1133 397 1254 473 Ingruat
1285 406 1407 466 υενιιιπε,

228 478 349 536 tonnam
363 481 485 553 sormam
502 473 635 553 ἐπειρώτα
655 477 707 534 ulii
725 476 791 533 libri

230 559 374 616 dederunt.
398 557 447 616 Sic
468 567 494 616 et
514 554 791 634 Ἐπερωπήματιοίίοι

229 639 369 714 depalatur
387 639 425 696 vi.
441 641 489 702 67.
505 659 539 695 m.
556 657 609 713 pro
629 633 791 713 Ἐπειρωτή-

253 741 308 775 ατι.

203 741 349 868 Ἔέἐτεσθαι,
363 798 451 874 Sequi
464 800 567 856 ducein.
583 795 652 868 ήνοί
661 796 791 866 ἕπωνται,

225 879 263 936 vi.
283 883 347 936 132.
362 879 388 936 b.
411 877 561 956 ἑπομένους
580 875 706 950 βασιλέι,
729 879 789 935 viii.

230 962 278 1016 66.
295 979 329 1016 m.
342 955 402 1035 ἅμα
423 963 460 1036 τῷ
475 961 590 1035 ναυτικῷ
610 958 706 1033 ἕψεται
719 955 791 1015 καὶὸ

227 1035 311 1105 πεζὸς
331 1037 455 1116 στρατὸς,
477 1041 536 1097 viii.
552 1043 600 1110 60,
618 1043 644 1096 1.
660 1038 708 1096 οὐκ
723 1036 790 1116 ἐφα-

228 1139 283 1176 σαν
295 1117 468 1188 Ἀθηναίοισι
478 1119 596 1195 ἕψεσθαι
606 1119 790 1196 ήγεομένοισι,

228 1199 289 1258 viii.
305 1205 334 1256 2.
343 1202 373 1276 s.

207 1273 416 1353 [Ἐτέσπεσθαι,
432 1280 495 1338 vide
508 1277 718 1356 Ἐπισπέσθαι.]

206 1357 444 1438 Ἐπεστραμμένα,
457 1361 520 1417 aide
533 1358 731 1438 Ἐπιστρέφειν.

205 1436 428 1516 Ἐπεσφέρεσθαι,
443 1441 584 1510 Incidere,
598 1441 733 1517 Proponi.
745 1438 790 1496 ἐπί

229 1524 267 1596 τῷ
281 1521 334 1576 αἰεὶ
348 1520 552 1597 ἐπεσφερομένῳ
565 1518 718 1597 πρήγματι,
734 1522 789 1577 Su-

227 1618 451 1675 perquoquere
467 1619 532 1674 quae
551 1601 659 1670 incidit,
675 1620 787 1677 quaque

226 1699 257 1737 re
272 1682 426 1756 proposita,
441 1681 490 1737 vii.
508 1687 555 1747 50,
574 1685 600 1738 l.

205 1758 341 1824 Ἐπέτειος
352 1771 378 1818 et
388 1759 522 1830 Ἐπέτεος,
534 1783 575 1830 ου,
584 1759 609 1828 ὁ,
619 1757 647 1830 ή.
657 1761 789 1818 Annuus.

224 1837 275 1910 τήν
293 1837 408 1913 βύβλον
421 1839 472 1910 τήν
486 1841 607 1898 ἐπέτειον
626 1843 788 1919 γινομένην,

225 1922 371 1997 Papyrum
392 1941 457 1998 quae
480 1924 631 1997 quotannis
653 1923 788 1990 nascitur,

224 2002 255 2059 ii.
269 2006 317 2060 92.
328 2021 362 2059 m.
372 2005 401 2078 f.
417 1999 507 2080 φέρων
517 2000 652 2078 πρόσοδον
663 2000 715 2072 τήν
725 1999 787 2059 ἐπέ-

224 2103 295 2151 τεον,
309 2083 415 2140 Annua
433 2084 549 2153 tributa,
563 2085 604 2141 iii.
626 2087 674 2141 89.
689 2103 724 2140 m.
741 2084 787 2140 θυ-

225 2165 300 2239 σίησι
314 2163 448 2240 ἐπετείησι
459 2161 621 2221 ἱλάσωνται
632 2161 680 2220 τὸν
694 2165 786 2232 Πᾶνα,

223 2243 262 2298 vi.
279 2247 343 2298 105.
357 2245 386 2315 f.
401 2240 502 2319 τροφήν
516 2241 587 2308 ἕξειν
600 2241 649 2300 τὸν
663 2241 786 2300 ἐπέτειον

224 2319 337 2396 καρπὸν,
352 2321 411 2378 viii.
431 2327 498 2378 108.
508 2325 537 2397 s.

202 2398 397 2476 Ἐπευρίσκειν,
434 2401 583 2477 Reperire,
618 2403 786 2479 Deprehen-

223 2480 300 2538 dere.
320 2478 489 2558 φοβεόμενος
509 2479 547 2558 μή
566 2479 636 2540 οίίτω
657 2485 787 2564 ἐπευρεθῇ

844 478 917 552 quod
952 476 1139 536 Schneiderus
1173 477 1302 554 irretitur
1337 487 1409 535 tam-

845 576 925 633 quam
946 562 995 634 qui
1017 559 1161 635 Propellat
1178 577 1289 626 navem,
1309 557 1340 614 id
1358 577 1409 614 ue-

845 657 908 694 reor
936 659 970 695 ne
999 639 1039 695 ibi
1065 659 1118 695 non
1141 640 1235 714 suerit
1260 640 1290 696 in
1317 646 1408 695 metite

847 717 1010 794 Scriptoris.

886 796 918 874 2)
931 798 1053 876 ἐπέχειν,
1067 800 1103 856 ln
1111 799 1200 856 oculis
1211 798 1256 855 rel
1268 799 1298 854 in
1312 799 1410 856 animo

844 879 958 948 habere,
978 879 1109 936 Tendere
1127 879 1222 954 aliquo
1237 887 1287 936 out
1305 880 1410 936 adver·

845 979 892 1016 sus
911 961 1044 1036 aliquem,
1063 968 1090 1016 et
1111 960 1223 1016 similia.
1246 957 1341 1035 ἐπεῖχε
1362 957 1411 1015 ἐπὶ

845 1038 1079 1116 Λακεδαιμονίους
1092 1041 1173 1096 τεκαὶ
1184 1035 1324 1112 Τεγεήτας
1337 1037 1410 1116 μού-

846 1142 918 1189 νους,
940 1119 1107 1188 Ἀθηναίους
1129 1117 1185 1195 γιέρ
1204 1117 1259 1176 iro*
1282 1122 1337 1176 τῶν
1356 1116 1409 1196 ὅχ-

845 1202 902 1256 θων
923 1199 956 1258 oi
974 1198 1103 1276 κατεώρα,
1124 1200 1357 1258 Lacedaemonios
1378 1209 1411 1257 et

846 1280 987 1356 Tegeatos
1015 1281 1089 1338 solos
1117 1280 1153 1337 In
1181 1280 1270 1337 oculis
1296 1280 1409 1347 habuit,

844 1359 989 1419 Adversus
1009 1361 1061 1418 hos
1077 1361 1151 1418 solos
1170 1361 1314 1430 Tetendit,
1337 1362 1409 1418 Sese

846 1441 970 1511 direxit;
1005 1441 1204 1510 Athenienses,
1228 1443 1409 1499 obstantibus

845 1521 932 1591 clivis,
961 1541 1019 1580 non
1046 1528 1243 1597 conspexerat,
1278 1522 1317 1578 ix.
1354 1526 1406 1580 59.

842 1598 919 1676 (olim
934 1599 998 1677 58.)
1012 1621 1047 1658 m.
1058 1601 1093 1658 In
1104 1621 1136 1659 rc
1155 1600 1278 1666 Tactico,
1292 1598 1409 1678 ἐπέχειν

845 1679 909 1738 τινα
927 1691 1014 1752 sonat,
1028 1683 1135 1740 Contra
1148 1682 1272 1757 aliquem
1291 1682 1322 1738 in
1342 1683 1406 1740 acie

843 1763 967 1820 locatum
980 1781 1051 1832 esse,
1066 1763 1158 1819 Recta
1172 1763 1225 1818 sibi
1239 1762 1404 1837 oppositum

843 1843 924 1900 illum
943 1844 1056 1900 habere.
1081 1841 1131 1900 Sic
1146 1843 1186 1899 ix.
1204 1845 1252 1900 31.
1273 1862 1300 1898 ο.
1321 1847 1407 1917 Μαρ-

843 1920 932 1988 δόνιος
945 1921 1014 1980 eard
1022 1919 1076 2000 μέν
1085 1921 1327 1997 Λακεδαιμονίους,
1335 1924 1408 1980 Per·

842 2023 886 2060 sas
899 2003 1004 2061 locarit
1024 2023 1061 2060 ex
1082 2004 1200 2060 adverso
1218 2004 1407 2062 Lacedaemo-

841 2084 969 2153 niorum3
1006 2085 1056 2140 sed
1083 2084 1218 2158 quoniam
1252 2085 1408 2142 Persarum

840 2163 925 2240 longe
949 2165 1040 2240 major
1066 2172 1128 2220 crat
1154 2181 1290 2222 numerus
1317 2183 1406 2239 quam

841 2244 1134 2313 Lacedaemoniorum,
1179 2245 1276 2300 Persae
1317 2245 1407 2302 etiam

840 2321 954 2400 ἐπεῖχον
968 2322 1031 2389 τούς
1044 2322 1195 2398 Τεγεήτας,
1208 2325 1341 2400 Tegeatls
1350 2344 1405 2401 op-

840 2406 925 2479 positi
953 2407 1073 2462 stabant.
1103 2404 1239 2462 Similiter
1262 2425 1324 2461 mou
1349 2405 1405 2462 ibi-

841 2485 909 2554 dem,
943 2485 1033 2554 Medi,
1061 2487 1111 2561 qui
1146 2486 1269 2562 proximi
1308 2486 1405 2544 Persis

222 2558 364 2635 πρήσσων,
378 2563 418 2618 ix.
439 2565 504 2619 109.
513 2566 543 2637 s.
839 2573 921 2622 erant
933 2565 1027 2635 locuti,
1041 2563 1164 2643 ἐπέσχον
1177 2567 1349 2641 Κορινθίους,
1365 2587 1405 2624 ex

201 2639 334 2717 Ἐπέχειν
348 2644 435 2700 uariis
445 2643 531 2700 modis
540 2652 695 2717 usurpatur
708 2646 787 2719 opud
838 2646 956 2703 adverso
985 2647 1148 2703 Corinthios
1178 2647 1343 2705 habebant:
1377 2657 1406 2704 et

222 2719 367 2789 Nostrum,
381 2723 575 2799 aiyniflcatqae
591 2721 622 2798 1)
637 2723 785 2800 Occupare
839 2727 955 2794 Bactrii,
984 2727 1079 2784 Medis
1114 2727 1247 2802 proximi,
1280 2725 1406 2805 ἐπέσχον

222 2802 308 2860 locum
323 2803 442 2879 aliquem
456 2804 629 2877 eratspatium
640 2806 784 2879 quoddam,
839 2803 1038 2882 Ἐπιδαυρίους,
1066 2808 1201 2865 adversus
1228 2807 1404 2883 Epidaurios

222 2883 370 2952 Obtinere,
386 2884 446 2940 Sub
460 2903 491 2940 se
504 2881 549 2959 (in
565 2903 616 2940 sua
628 2882 785 2960 potestate)
839 2887 939 2944 directi
954 2889 1074 2957 stabant,
1089 2897 1115 2945 et
1129 2897 1180 2944 cet.

220 2964 335 3022 habere.
362 2961 413 3032 τήν
437 2960 564 3040 ἄμπελον
582 2963 711 3041 ἐπισχεῖν
733 2963 786 3034 τήν
878 2967 929 3024 Ad
940 2966 1270 3026 Mentemst'vaAat'mum
1283 2969 1403 3027 relatum

221 3041 320 3113 Ἀσίην
338 3048 444 3112 πᾶσαν,
460 3045 479 3101 i.
500 3049 566 3102 108.
582 3065 609 3102 α.
625 3050 674 3114 τῆς
688 3045 785 3114 ἐλαίης
838 3048 949 3108 verbum
961 3046 1092 3125 Ἐπέχειν
1104 3051 1243 3126 siqnifioat
1258 3051 1404 3108 inanimo

220 3121 283 3188 roric
304 3121 421 3189 κλάδους
444 3126 501 3197 γῆν
521 3127 619 3182 πᾶσαν
646 3126 783 3202 ἐπισχεῖν,
838 3127 952 3197 habere,
979 3130 1121 3203 Cogitare,
1144 3131 1205 3186 Sibi
1229 3149 1402 3206 proponere.

220 3205 268 3262 vii.
288 3208 333 3261 19.
349 3225 376 3262 α.
393 3203 418 3261 οἶ
432 3203 534 3262 Σκιίθαι
548 3202 601 3274 τήν
613 3203 713 3274 Ἀσίην
727 3209 784 3262 πᾶ·
838 3210 875 3284 τῷ
895 3206 1023 3284 (ἱππικῷ)
1044 3207 1139 3286 ἐπεῖχε
1160 3207 1361 3288 ἐλλάμψεσθαι
1386 3210 1404 3270 ὁ

221 3305 276 3340 σαν
295 3280 424 3359 ἐπέσχον,
439 3285 457 3342 i.
482 3290 547 3341 104.
565 3288 594 3360 f.
617 3281 702 3344 ὁκόσα
721 3284 783 3344 ἐπέ·
838 3286 937 3358 Λυδὸς,
952 3290 971 3348 i.
993 3294 1041 3346 80.
1061 3292 1091 3364 f.
1112 3289 1154 3347 N.
1176 3287 1218 3346 ἐπ’
1241 3292 1288 3356 οὓς
1304 3289 1404 3370 ἐπεῖχε

220 3385 302 3438 σχον,
318 3360 412 3420 πάντα
433 3361 591 3440 ἐπέφλεγον
612 3367 656 3421 καὶ
673 3362 783 3442 ἐκειρον,
838 3366 1049 3444 στρατηλατέειν
1066 3367 1156 3438 αὐτὸς,
1174 3371 1194 3426 i.
1219 3376 1285 3430 153.
1301 3392 1335 3428 m.
1353 3371 1404 3429 ἐπὶ

221 3443 280 3499 viii.
293 3447 342 3499 32.
351 3445 381 3517 s.
393 3440 447 3498 ὅσα
457 3441 579 3518 ἐπέσχον
592 3448 641 3514 τῆς
655 3445 782 3516 Φωκίδος,
835 3447 938 3518 ταύτην
952 3447 1062 3524 πρώτην
1076 3448 1191 3527 ἐπεῖχον
1204 3450 1403 3528 στρατεύεσθαι

218 3520 313 3578 πάντα
326 3519 522 3598 ἐσιναμώρεον,
533 3525 592 3580 viii.
609 3529 657 3582 35.
671 3545 699 3582 α.
725 3527 784 3583 Sed
835 3529 860 3585 οἱ
876 3526 990 3605 Πέρσαι,
1006 3531 1044 3588 vi.
1059 3534 1108 3588 96.
1124 3551 1152 3587 ο.
1168 3530 1209 3588 N.

219 3611 246 3659 at
254 3599 402 3678 Nepotiane
413 3603 548 3678 quoddam
557 3604 660 3662 dicitur
670 3603 783 3682 ἐπέχειν
876 3609 939 3667 Lib.
955 3612 992 3666 vi.
1007 3614 1055 3668 49.
1070 3631 1104 3666 m.
1125 3612 1196 3668 idem
1214 3613 1326 3670 οενίιυοι
1347 3615 1402 3672 lra-

219 3679 292 3748 τινώ,
328 3682 475 3758 Occupare
512 3683 646 3758 aliquem.
688 3685 737 3742 Sic
765 3685 782 3756 ή
835 3689 898 3746 bent
918 3691 1002 3765 probi
1023 3693 1135 3768 quidam
1159 3693 1268 3749 codices
1290 3703 1316 3750 et
1338 3695 1401 3751 edi-

217 3759 310 3838 ὀπώρη
325 3761 477 3836 (Collectio
491 3762 652 3840 fructuum)
660 3763 703 3821 ἐπ’
712 3765 781 3824 ὀκτώ
835 3773 920 3826 tiones
930 3771 1090 3829 nonnullae:
1102 3770 1248 3841 Ἀθηναῖοι
1256 3771 1400 3841 δοκέοντες

216 3847 309 3920 μῆνας
329 3845 504 3918 Κυρηναίους
521 3841 624 3920 ἐπέχει,
645 3865 697 3921 per
716 3857 781 3906 octo
833 3848 878 3906 ἐπὶ
893 3855 969 3927 σφίσι
987 3848 1143 3927 ἐπέχοντας
1156 3851 1221 3917 ταώς
1240 3852 1400 3926 Αἰγινήτας

218 3941 330 3978 menses
353 3924 484 3998 Occupat
498 3925 661 3999 Cyrenaeos,
676 3927 714 3982 iv.
729 3931 779 3985 99.
835 3927 978 3987 δεδωκέναι
993 3929 1065 4005 (γῆν
1079 3955 1108 3990 τε
1122 3935 1166 3990 καί
1179 3931 1250 4011 ὕδωρ
1265 3933 1399 4013 Δαρείῳ),

195 4001 201 4010 ’
209 4003 239 4073 s.
264 4000 393 4077 Denique
420 4002 479 4060 Res
506 4008 647 4081 quaepiam
675 4007 780 4065 dicitur
834 4011 973 4069 Putantes
1000 4013 1098 4070 hostili
1123 4014 1153 4070 in
1181 4015 1256 4090 ipsos
1289 4016 1400 4074 Animo

215 4077 337 4155 ἐπέχειν,
353 4082 434 4138 aerbo
448 4083 570 4142 absolute
580 4089 680 4160 potito,
696 4091 780 4144 sicuti
832 4090 943 4148 dedisse
958 4092 1108 4167 AEginetcs
1122 4102 1228 4152 terram
1242 4103 1272 4152 et
1292 4115 1399 4172 aquam

217 4158 318 4216 Ιιοεένιε
337 4160 454 4218 dicimus
483 4164 555 4220 Haec
579 4186 624 4222 res
649 4167 777 4235 Obtinet,
832 4170 940 4240 Dario;
964 4173 1032 4228 Rati
1056 4175 1191 4232 adversus
1216 4195 1246 4232 se
1266 4177 1399 4234 Tendere

208 4239 328 4338 lurocum
339 4239 514 4336 ‚hqbetnSic
532 4239 568 4311 ἢν
589 4242 627 4317 μή
651 4245 778 4322 λαμπρὸς
832 4250 904 4308 illud
914 4253 1117 4328 AEginetarum
1132 4255 1260 4314 factum:
1284 4257 1334 4314 ubi
1347 4277 1399 4316 nos

215 4339 320 4396 ανεμος
328 4341 428 4412 επεχη,
438 4339 469 4376 n.
480 4324 528 4378 96.
537 4342 571 4380 m.
579 4327 778 4400 interpretatur
832 4333 941 4406 quidem
963 4352 1022 4389 oum
1041 4333 1108 4392 aliis
1130 4337 1248 4410 simplex
1273 4337 1398 4408 υονίιυνιι,

214 4418 273 4456 ram
297 4399 360 4456 N1s1
386 4401 527 4457 secundus
551 4402 684 4478 idemque
706 4408 776 4464 vali·
829 4408 874 4466 ἐπί
885 4417 961 4488 σφίσι
970 4410 1231 4488 ἐχονπας,“εοοιώετπ
1245 4420 1274 4474 in
1285 4428 1399 4477 senten·

211 4481 269 4538 dus
296 4479 433 4538 Obtineat
460 4489 581 4538 ventus:
616 4502 678 4540 nom
705 4489 778 4562 quod
830 4493 895 4548 tium
905 4494 1094 4568 praetulimus.
