<?xml version="1.0" encoding="UTF-8"?>
<!DOCTYPE html PUBLIC "-//W3C//DTD XHTML 1.0 Transitional//EN"
    "http://www.w3.org/TR/xhtml1/DTD/xhtml1-transitional.dtd">
<html xmlns="http://www.w3.org/1999/xhtml" xml:lang="en" lang="en">
 <head>
  <title>
</title>
<meta http-equiv="Content-Type" content="text/html;charset=utf-8" />
  <meta name='ocr-system' content='tesseract 3.04.00' />
  <meta name='ocr-capabilities' content='ocr_page ocr_carea ocr_par ocr_line ocrx_word'/>
</head>
<body>
  <div class='ocr_page' id='page_1' title='image "./lexiconherodote03schwgoog/lexiconherodote03schwgoog_0519.png"; bbox 0 0 3052 5040; ppageno 0'>
   <div class='ocr_carea' id='block_1_1' title="bbox 474 247 1173 310">
    <p class='ocr_par' dir='ltr' id='par_1_1' title="bbox 474 247 1173 310">
     <span class='ocr_line' id='line_1_1' title="bbox 474 247 1173 310; baseline -0.006 0"><span class='ocrx_word' id='word_1_1' title='bbox 474 247 562 310; x_wconf 72' lang='grc' dir='ltr'><strong><em>ΥΘΕ</em></strong></span> <span class='ocrx_word' id='word_1_2' title='bbox 1090 252 1173 308; x_wconf 74' lang='grc' dir='ltr'><strong><em>ΦΙΑ</em></strong></span> 
     </span>
    </p>
   </div>
   <div class='ocr_carea' id='block_1_2' title="bbox 239 367 1435 778">
    <p class='ocr_par' dir='ltr' id='par_1_2' title="bbox 239 367 1434 622">
     <span class='ocr_line' id='line_1_2' title="bbox 241 367 1434 462; baseline -0.008 -18"><span class='ocrx_word' id='word_1_3' title='bbox 241 403 287 444; x_wconf 80' lang='lat' dir='ltr'><strong><em>res</em></strong></span> <span class='ocrx_word' id='word_1_4' title='bbox 311 403 344 444; x_wconf 89' lang='lat' dir='ltr'><strong><em>ec</em></strong></span> <span class='ocrx_word' id='word_1_5' title='bbox 369 367 438 462; x_wconf 58' lang='lat' dir='ltr'><strong><em>quoe&#39;</em></strong></span> <span class='ocrx_word' id='word_1_6' title='bbox 456 385 622 458; x_wconf 81' lang='lat' dir='ltr'><strong><em>Occuputur</em></strong></span> <span class='ocrx_word' id='word_1_7' title='bbox 641 369 685 440; x_wconf 53' lang='lat' dir='ltr'><strong><em>sb&#39;</em></strong></span> <span class='ocrx_word' id='word_1_8' title='bbox 700 398 735 437; x_wconf 86' lang='lat' dir='ltr'><strong><em>eo</em></strong></span> <span class='ocrx_word' id='word_1_9' title='bbox 757 379 807 456; x_wconf 88' lang='lat' dir='ltr'><strong><em>qui</em></strong></span> <span class='ocrx_word' id='word_1_10' title='bbox 862 379 1080 455; x_wconf 79' lang='lat' dir='ltr'><strong><em>Elanguesoere.</em></strong></span> <span class='ocrx_word' id='word_1_11' title='bbox 1125 375 1174 436; x_wconf 80' lang='lat' dir='ltr'><strong><em>Sic</em></strong></span> <span class='ocrx_word' id='word_1_12' title='bbox 1202 377 1260 434; x_wconf 91' lang='lat' dir='ltr'><strong><em>Bos</em></strong></span> <span class='ocrx_word' id='word_1_13' title='bbox 1294 373 1383 453; x_wconf 88' lang='lat' dir='ltr'><strong><em>Apis,</em></strong></span> <span class='ocrx_word' id='word_1_14' title='bbox 1417 398 1434 434; x_wconf 83' lang='lat' dir='ltr'>a</span> 
     </span>
     <span class='ocr_line' id='line_1_3' title="bbox 239 453 1434 544; baseline -0.01 -19"><span class='ocrx_word' id='word_1_15' title='bbox 239 468 323 544; x_wconf 86' lang='lat' dir='ltr'><strong><em>prius</em></strong></span> <span class='ocrx_word' id='word_1_16' title='bbox 350 465 411 542; x_wconf 78' lang='lat' dir='ltr'><strong><em>agit</em></strong></span> <span class='ocrx_word' id='word_1_17' title='bbox 438 471 488 522; x_wconf 86' lang='lat' dir='ltr'><strong><em>eut</em></strong></span> <span class='ocrx_word' id='word_1_18' title='bbox 520 462 636 538; x_wconf 84' lang='lat' dir='ltr'><strong><em>patitur,</em></strong></span> <span class='ocrx_word' id='word_1_19' title='bbox 665 461 807 518; x_wconf 83' lang='lat' dir='ltr'><strong><em>indicatur</em></strong></span> <span class='ocrx_word' id='word_1_20' title='bbox 862 460 1001 535; x_wconf 73' lang='lat' dir='ltr'><strong><em>cambyse</em></strong></span> <span class='ocrx_word' id='word_1_21' title='bbox 1016 459 1165 528; x_wconf 80' lang='lat' dir='ltr'><strong><em>sauciatus,</em></strong></span> <span class='ocrx_word' id='word_1_22' title='bbox 1179 453 1276 534; x_wconf 78' lang='grc' dir='ltr'><em>ἔφθινε</em></span> <span class='ocrx_word' id='word_1_23' title='bbox 1290 456 1324 512; x_wconf 82' lang='grc' dir='ltr'><strong><em>ἐν</em></strong></span> <span class='ocrx_word' id='word_1_24' title='bbox 1340 456 1434 534; x_wconf 71' lang='grc' dir='ltr'><strong><em>τῷἱρῷ</em></strong></span> 
     </span>
     <span class='ocr_line' id='line_1_4' title="bbox 241 540 1224 622; baseline -0.008 -17"><span class='ocrx_word' id='word_1_25' title='bbox 241 541 332 604; x_wconf 77' lang='lat' dir='ltr'><strong><em>verbis</em></strong></span> <span class='ocrx_word' id='word_1_26' title='bbox 350 548 477 622; x_wconf 76' lang='lat' dir='ltr'><strong><em>proxime</em></strong></span> <span class='ocrx_word' id='word_1_27' title='bbox 494 541 677 619; x_wconf 76' lang='lat' dir='ltr'><strong><em>sequentibus,</em></strong></span> <span class='ocrx_word' id='word_1_28' title='bbox 698 560 716 598; x_wconf 87' lang='grc' dir='ltr'>α</span> <span class='ocrx_word' id='word_1_29' title='bbox 733 559 806 616; x_wconf 83' lang='lat' dir='ltr'><strong><em>pur·</em></strong></span> <span class='ocrx_word' id='word_1_30' title='bbox 862 544 1064 617; x_wconf 80' lang='grc' dir='ltr'>κατακείμενος,</span> <span class='ocrx_word' id='word_1_31' title='bbox 1079 540 1121 596; x_wconf 86' lang='lat' dir='ltr'><strong><em>iii.</em></strong></span> <span class='ocrx_word' id='word_1_32' title='bbox 1138 541 1224 613; x_wconf 62' lang='lat' dir='ltr'><strong><em>fiii-s.</em></strong></span> 
     </span>
    </p>

    <p class='ocr_par' dir='ltr' id='par_1_3' title="bbox 240 616 1435 778">
     <span class='ocr_line' id='line_1_5' title="bbox 240 616 1435 698; baseline -0.008 -14"><span class='ocrx_word' id='word_1_33' title='bbox 240 627 327 684; x_wconf 87' lang='lat' dir='ltr'><strong><em>ticuic</em></strong></span> <span class='ocrx_word' id='word_1_34' title='bbox 336 623 354 695; x_wconf 81' lang='grc' dir='ltr'>ἢ</span> <span class='ocrx_word' id='word_1_35' title='bbox 363 625 408 683; x_wconf 87' lang='lat' dir='ltr'><strong><em>uel</em></strong></span> <span class='ocrx_word' id='word_1_36' title='bbox 418 620 497 680; x_wconf 85' lang='grc' dir='ltr'>άλλά</span> <span class='ocrx_word' id='word_1_37' title='bbox 507 621 712 698; x_wconf 70' lang='lat' dir='ltr'><strong><em>incipientibus.</em></strong></span> <span class='ocrx_word' id='word_1_38' title='bbox 724 619 806 697; x_wconf 78' lang='grc' dir='ltr'>ἔφθη·</span> <span class='ocrx_word' id='word_1_39' title='bbox 899 616 1435 698; x_wconf 77' lang='grc' dir='ltr'>Ραεείοφθίρενος,Μοεῐααε.πενθήσει</span> 
     </span>
     <span class='ocr_line' id='line_1_6' title="bbox 241 697 1433 778; baseline -0.007 -14"><span class='ocrx_word' id='word_1_40' title='bbox 241 705 350 764; x_wconf 77' lang='lat' dir='ltr'><strong><em>coniri</em></strong></span> <span class='ocrx_word' id='word_1_41' title='bbox 363 701 427 768; x_wconf 78' lang='grc' dir='ltr'>τοός</span> <span class='ocrx_word' id='word_1_42' title='bbox 437 701 561 778; x_wconf 76' lang='grc' dir='ltr'>πύργους</span> <span class='ocrx_word' id='word_1_43' title='bbox 569 698 731 774; x_wconf 76' lang='grc' dir='ltr'>ἀναβάντες</span> <span class='ocrx_word' id='word_1_44' title='bbox 741 703 806 775; x_wconf 83' lang='grc' dir='ltr'>πρὶν</span> <span class='ocrx_word' id='word_1_45' title='bbox 859 697 969 772; x_wconf 78' lang='grc' dir='ltr'>βασιλῆ</span> <span class='ocrx_word' id='word_1_46' title='bbox 973 701 1165 778; x_wconf 73' lang='grc' dir='ltr'>φθίμενον,νὶἰ.</span> <span class='ocrx_word' id='word_1_47' title='bbox 1177 703 1246 758; x_wconf 79' lang='lat'><strong><em>220.</em></strong></span> <span class='ocrx_word' id='word_1_48' title='bbox 1250 702 1283 772; x_wconf 89' lang='lat' dir='ltr'><strong><em>s</em></strong></span> <span class='ocrx_word' id='word_1_49' title='bbox 1297 700 1329 755; x_wconf 85' lang='lat' dir='ltr'><strong><em>in</em></strong></span> <span class='ocrx_word' id='word_1_50' title='bbox 1346 697 1433 756; x_wconf 85' lang='lat' dir='ltr'><strong><em>Orac.</em></strong></span> 
     </span>
    </p>
   </div>
   <div class='ocr_carea' id='block_1_3' title="bbox 240 778 1511 1019">
    <p class='ocr_par' dir='ltr' id='par_1_4' title="bbox 240 778 1511 1019">
     <span class='ocr_line' id='line_1_7' title="bbox 240 778 1511 860; baseline -0.006 -16"><span class='ocrx_word' id='word_1_51' title='bbox 240 783 259 856; x_wconf 88' lang='grc' dir='ltr'>ή</span> <span class='ocrx_word' id='word_1_52' title='bbox 272 796 322 844; x_wconf 86' lang='lat' dir='ltr'><strong><em>ete.</em></strong></span> <span class='ocrx_word' id='word_1_53' title='bbox 336 787 376 843; x_wconf 87' lang='lat' dir='ltr'><strong><em>ix.</em></strong></span> <span class='ocrx_word' id='word_1_54' title='bbox 393 789 441 846; x_wconf 99' lang='grc'><strong>70.</strong></span> <span class='ocrx_word' id='word_1_55' title='bbox 457 803 484 840; x_wconf 90' lang='lat' dir='ltr'><strong><em>a.</em></strong></span> <span class='ocrx_word' id='word_1_56' title='bbox 498 784 513 840; x_wconf 87' lang='grc' dir='ltr'>ὀ</span> <span class='ocrx_word' id='word_1_57' title='bbox 528 779 557 839; x_wconf 88' lang='grc' dir='ltr'>δέ</span> <span class='ocrx_word' id='word_1_58' title='bbox 570 780 669 860; x_wconf 87' lang='grc' dir='ltr'>φθάνει</span> <span class='ocrx_word' id='word_1_59' title='bbox 678 778 743 847; x_wconf 78' lang='grc' dir='ltr'>τόξα</span> <span class='ocrx_word' id='word_1_60' title='bbox 757 803 806 837; x_wconf 83' lang='grc' dir='ltr'>κα·</span> <span class='ocrx_word' id='word_1_61' title='bbox 840 778 979 849; x_wconf 86' lang='grc' dir='ltr'>Φθονέειν,</span> <span class='ocrx_word' id='word_1_62' title='bbox 995 781 1136 838; x_wconf 85' lang='lat' dir='ltr'><strong>Invidere.</strong></span> <span class='ocrx_word' id='word_1_63' title='bbox 1152 781 1221 837; x_wconf 81' lang='lat' dir='ltr'><strong><em>Cum</em></strong></span> <span class='ocrx_word' id='word_1_64' title='bbox 1234 778 1359 836; x_wconf 75' lang='lat' dir='ltr'><strong><em>Dorico.</em></strong></span> <span class='ocrx_word' id='word_1_65' title='bbox 1369 783 1434 855; x_wconf 83' lang='grc' dir='ltr'>φθο·</span> <span class='ocrx_word' id='word_1_66' title='bbox 1510 831 1511 836; x_wconf 75' lang='grc'>,</span> 
     </span>
     <span class='ocr_line' id='line_1_8' title="bbox 241 855 1511 943; baseline -0.005 -20"><span class='ocrx_word' id='word_1_67' title='bbox 241 863 398 943; x_wconf 85' lang='grc' dir='ltr'>τελόμενος,</span> <span class='ocrx_word' id='word_1_68' title='bbox 412 864 453 920; x_wconf 89' lang='lat' dir='ltr'><strong><em>iii.</em></strong></span> <span class='ocrx_word' id='word_1_69' title='bbox 469 865 518 926; x_wconf 87' lang='grc'><strong>78.</strong></span> <span class='ocrx_word' id='word_1_70' title='bbox 533 883 561 920; x_wconf 87' lang='grc' dir='ltr'><strong><em>α.</em></strong></span> <span class='ocrx_word' id='word_1_71' title='bbox 576 864 690 940; x_wconf 77' lang='grc' dir='ltr'>φθαίητε</span> <span class='ocrx_word' id='word_1_72' title='bbox 705 857 760 936; x_wconf 85' lang='grc' dir='ltr'><strong><em>γάρ</em></strong></span> <span class='ocrx_word' id='word_1_73' title='bbox 770 857 807 917; x_wconf 80' lang='grc' dir='ltr'><strong><em>ἂν</em></strong></span> <span class='ocrx_word' id='word_1_74' title='bbox 862 859 916 918; x_wconf 85' lang='grc' dir='ltr'>νέει</span> <span class='ocrx_word' id='word_1_75' title='bbox 926 855 956 918; x_wconf 78' lang='grc' dir='ltr'>εὖ</span> <span class='ocrx_word' id='word_1_76' title='bbox 967 858 1125 936; x_wconf 78' lang='grc' dir='ltr'>πρήσσοντι,</span> <span class='ocrx_word' id='word_1_77' title='bbox 1138 860 1186 916; x_wconf 85' lang='lat' dir='ltr'><strong><em>vii.</em></strong></span> <span class='ocrx_word' id='word_1_78' title='bbox 1197 863 1269 918; x_wconf 74' lang='lat'><strong><em>236.</em></strong></span> <span class='ocrx_word' id='word_1_79' title='bbox 1280 879 1312 917; x_wconf 89' lang='grc' dir='ltr'><strong><em>α.</em></strong></span> <span class='ocrx_word' id='word_1_80' title='bbox 1325 865 1434 923; x_wconf 82' lang='grc' dir='ltr'><strong>237.α.</strong></span> <span class='ocrx_word' id='word_1_81' title='bbox 1510 875 1511 878; x_wconf 78' lang='grc'>’</span> 
     </span>
     <span class='ocr_line' id='line_1_9' title="bbox 240 939 1511 1019; baseline -0.008 -17"><span class='ocrx_word' id='word_1_82' title='bbox 240 943 378 1010; x_wconf 78' lang='grc' dir='ltr'>πολλάκις</span> <span class='ocrx_word' id='word_1_83' title='bbox 396 939 687 1019; x_wconf 77' lang='grc' dir='ltr'>ἐξανδραποδισθέντες</span> <span class='ocrx_word' id='word_1_84' title='bbox 708 939 725 1010; x_wconf 92' lang='grc' dir='ltr'>ή</span> <span class='ocrx_word' id='word_1_85' title='bbox 743 963 807 998; x_wconf 92' lang='grc' dir='ltr'>τινα</span> <span class='ocrx_word' id='word_1_86' title='bbox 863 942 933 998; x_wconf 85' lang='lat' dir='ltr'><strong><em>Cum</em></strong></span> <span class='ocrx_word' id='word_1_87' title='bbox 957 941 1061 1000; x_wconf 81' lang='lat' dir='ltr'><strong><em>Actus.</em></strong></span> <span class='ocrx_word' id='word_1_88' title='bbox 1082 943 1124 998; x_wconf 89' lang='lat' dir='ltr'><strong><em>rei</em></strong></span> <span class='ocrx_word' id='word_1_89' title='bbox 1146 940 1225 1016; x_wconf 87' lang='lat' dir='ltr'><strong><em>cujus</em></strong></span> <span class='ocrx_word' id='word_1_90' title='bbox 1247 959 1357 997; x_wconf 83' lang='lat' dir='ltr'><strong><em>caussa</em></strong></span> <span class='ocrx_word' id='word_1_91' title='bbox 1374 945 1436 1018; x_wconf 81' lang='lat' dir='ltr'><strong><em>quis</em></strong></span> <span class='ocrx_word' id='word_1_92' title='bbox 1510 981 1511 992; x_wconf 73' lang='lat'><strong><em>.</em></strong></span> 
     </span>
    </p>
   </div>
   <div class='ocr_carea' id='block_1_4' title="bbox 205 1019 1436 1505">
    <p class='ocr_par' dir='ltr' id='par_1_5' title="bbox 205 1019 1436 1505">
     <span class='ocr_line' id='line_1_10' title="bbox 240 1019 1435 1100; baseline -0.004 -17"><span class='ocrx_word' id='word_1_93' title='bbox 240 1023 376 1083; x_wconf 87' lang='grc' dir='ltr'>πυθέσθαι</span> <span class='ocrx_word' id='word_1_94' title='bbox 390 1021 494 1100; x_wconf 81' lang='grc' dir='ltr'>ἡμέων,</span> <span class='ocrx_word' id='word_1_95' title='bbox 513 1024 552 1082; x_wconf 78' lang='lat' dir='ltr'><strong><em>vi.</em></strong></span> <span class='ocrx_word' id='word_1_96' title='bbox 577 1027 643 1080; x_wconf 84' lang='lat'><strong><em>108.</em></strong></span> <span class='ocrx_word' id='word_1_97' title='bbox 661 1041 690 1080; x_wconf 91' lang='grc' dir='ltr'><strong><em>σ.</em></strong></span> <span class='ocrx_word' id='word_1_98' title='bbox 704 1041 739 1078; x_wconf 85' lang='grc' dir='ltr'><strong><em>οι.</em></strong></span> <span class='ocrx_word' id='word_1_99' title='bbox 759 1020 808 1078; x_wconf 75' lang='grc' dir='ltr'>οὐκ</span> <span class='ocrx_word' id='word_1_100' title='bbox 860 1023 966 1079; x_wconf 85' lang='lat' dir='ltr'><strong><em>inridet</em></strong></span> <span class='ocrx_word' id='word_1_101' title='bbox 993 1022 1067 1090; x_wconf 82' lang='grc' dir='ltr'>οίίίσ,</span> <span class='ocrx_word' id='word_1_102' title='bbox 1096 1020 1288 1080; x_wconf 74' lang='lat' dir='ltr'><strong><em>subintellecto</em></strong></span> <span class='ocrx_word' id='word_1_103' title='bbox 1324 1019 1435 1078; x_wconf 83' lang='lat' dir='ltr'><strong><em>Datioo</em></strong></span> 
     </span>
     <span class='ocr_line' id='line_1_11' title="bbox 205 1097 1435 1183; baseline -0.002 -21"><span class='ocrx_word' id='word_1_104' title='bbox 205 1115 209 1120; x_wconf 89' lang='lat'>&#39;</span> <span class='ocrx_word' id='word_1_105' title='bbox 241 1102 331 1171; x_wconf 77' lang='grc' dir='ltr'>ἄλλος</span> <span class='ocrx_word' id='word_1_106' title='bbox 355 1103 427 1183; x_wconf 84' lang='grc' dir='ltr'>φθάς</span> <span class='ocrx_word' id='word_1_107' title='bbox 451 1103 516 1182; x_wconf 82' lang='grc' dir='ltr'>ἐμεῦ</span> <span class='ocrx_word' id='word_1_108' title='bbox 540 1100 691 1178; x_wconf 83' lang='grc' dir='ltr'>κατήγορος</span> <span class='ocrx_word' id='word_1_109' title='bbox 717 1098 805 1170; x_wconf 79' lang='grc' dir='ltr'>ἔσται,</span> <span class='ocrx_word' id='word_1_110' title='bbox 856 1121 1000 1178; x_wconf 81' lang='lat' dir='ltr'><strong><em>personae.</em></strong></span> <span class='ocrx_word' id='word_1_111' title='bbox 1029 1103 1076 1159; x_wconf 85' lang='grc' dir='ltr'>τοῦ</span> <span class='ocrx_word' id='word_1_112' title='bbox 1103 1097 1243 1177; x_wconf 70' lang='grc' dir='ltr'>εὐτυχέειν</span> <span class='ocrx_word' id='word_1_113' title='bbox 1270 1099 1435 1178; x_wconf 79' lang='grc' dir='ltr'>φθονέουσι,</span> 
     </span>
     <span class='ocr_line' id='line_1_12' title="bbox 241 1176 1435 1264; baseline -0.003 -20"><span class='ocrx_word' id='word_1_114' title='bbox 241 1184 320 1244; x_wconf 88' lang='grc' dir='ltr'>άλλά</span> <span class='ocrx_word' id='word_1_115' title='bbox 336 1197 422 1264; x_wconf 83' lang='grc' dir='ltr'>σφεας</span> <span class='ocrx_word' id='word_1_116' title='bbox 435 1182 518 1248; x_wconf 67' lang='lat' dir='ltr'><strong><em>arisbe</em></strong></span> <span class='ocrx_word' id='word_1_117' title='bbox 532 1181 589 1256; x_wconf 78' lang='grc' dir='ltr'>ε’γιδ</span> <span class='ocrx_word' id='word_1_118' title='bbox 603 1179 727 1258; x_wconf 82' lang='grc' dir='ltr'>κατερέω,</span> <span class='ocrx_word' id='word_1_119' title='bbox 740 1182 806 1240; x_wconf 90' lang='lat' dir='ltr'><strong><em>Non</em></strong></span> <span class='ocrx_word' id='word_1_120' title='bbox 861 1179 1095 1258; x_wconf 77' lang='grc' dir='ltr'>(αοαρσᾶλλους,</span> <span class='ocrx_word' id='word_1_121' title='bbox 1107 1185 1198 1258; x_wconf 77' lang='grc' dir='ltr'>ααθτῷ</span> <span class='ocrx_word' id='word_1_122' title='bbox 1207 1176 1238 1237; x_wconf 81' lang='lat' dir='ltr'><strong><em>eb</em></strong></span> <span class='ocrx_word' id='word_1_123' title='bbox 1246 1178 1435 1260; x_wconf 62' lang='lat' dir='ltr'><strong><em>reprimere)</em></strong></span> 
     </span>
     <span class='ocr_line' id='line_1_13' title="bbox 241 1261 1435 1342; baseline -0.004 -17"><span class='ocrx_word' id='word_1_124' title='bbox 241 1267 314 1325; x_wconf 82' lang='lat' dir='ltr'><strong><em>alius</em></strong></span> <span class='ocrx_word' id='word_1_125' title='bbox 328 1274 516 1342; x_wconf 76' lang='lat' dir='ltr'><strong>occupaturus</strong></span> <span class='ocrx_word' id='word_1_126' title='bbox 530 1275 575 1321; x_wconf 83' lang='lat' dir='ltr'><strong><em>est</em></strong></span> <span class='ocrx_word' id='word_1_127' title='bbox 596 1282 728 1320; x_wconf 81' lang='lat' dir='ltr'><strong><em>occurere</em></strong></span> <span class='ocrx_word' id='word_1_128' title='bbox 749 1283 805 1333; x_wconf 90' lang='lat' dir='ltr'><strong><em>me,</em></strong></span> <span class='ocrx_word' id='word_1_129' title='bbox 863 1263 909 1320; x_wconf 91' lang='lat' dir='ltr'><strong><em>vii.</em></strong></span> <span class='ocrx_word' id='word_1_130' title='bbox 926 1266 995 1321; x_wconf 79' lang='grc'><strong>236.</strong></span> <span class='ocrx_word' id='word_1_131' title='bbox 1009 1281 1037 1319; x_wconf 91' lang='grc' dir='ltr'><strong><em>α.</em></strong></span> <span class='ocrx_word' id='word_1_132' title='bbox 1048 1283 1083 1319; x_wconf 78' lang='grc' dir='ltr'><strong><em>οι.</em></strong></span> <span class='ocrx_word' id='word_1_133' title='bbox 1094 1262 1161 1318; x_wconf 82' lang='lat' dir='ltr'><strong><em>Cum</em></strong></span> <span class='ocrx_word' id='word_1_134' title='bbox 1175 1261 1335 1335; x_wconf 72' lang='lat' dir='ltr'><strong><em>infinitivo.</em></strong></span> <span class='ocrx_word' id='word_1_135' title='bbox 1353 1261 1435 1341; x_wconf 83' lang='grc' dir='ltr'>ἐφθό-</span> 
     </span>
     <span class='ocr_line' id='line_1_14' title="bbox 240 1339 1436 1424; baseline -0.004 -18"><span class='ocrx_word' id='word_1_136' title='bbox 240 1348 291 1406; x_wconf 87' lang='lat' dir='ltr'><strong><em>sed</em></strong></span> <span class='ocrx_word' id='word_1_137' title='bbox 305 1366 359 1424; x_wconf 84' lang='lat' dir='ltr'><strong><em>ego</em></strong></span> <span class='ocrx_word' id='word_1_138' title='bbox 377 1348 439 1422; x_wconf 86' lang='lat' dir='ltr'><strong><em>ipsc</em></strong></span> <span class='ocrx_word' id='word_1_139' title='bbox 452 1364 502 1402; x_wconf 86' lang='lat' dir='ltr'><strong><em>vos</em></strong></span> <span class='ocrx_word' id='word_1_140' title='bbox 516 1345 710 1414; x_wconf 79' lang='lat' dir='ltr'><strong><em>denunciab03</em></strong></span> <span class='ocrx_word' id='word_1_141' title='bbox 741 1343 806 1400; x_wconf 93' lang='lat' dir='ltr'><strong><em>Non</em></strong></span> <span class='ocrx_word' id='word_1_142' title='bbox 862 1339 998 1418; x_wconf 84' lang='grc' dir='ltr'>νησον(οί</span> <span class='ocrx_word' id='word_1_143' title='bbox 1008 1339 1227 1418; x_wconf 81' lang='grc' dir='ltr'>θεο1)ἅνδραὲνα</span> <span class='ocrx_word' id='word_1_144' title='bbox 1235 1344 1287 1410; x_wconf 81' lang='grc' dir='ltr'><strong><em>τῆς</em></strong></span> <span class='ocrx_word' id='word_1_145' title='bbox 1296 1365 1326 1402; x_wconf 73' lang='grc' dir='ltr'>τε</span> <span class='ocrx_word' id='word_1_146' title='bbox 1335 1341 1436 1413; x_wconf 80' lang='grc' dir='ltr'>Ἀσίης</span> 
     </span>
     <span class='ocr_line' id='line_1_15' title="bbox 240 1419 1432 1505; baseline -0.005 -19"><span class='ocrx_word' id='word_1_147' title='bbox 240 1429 320 1505; x_wconf 88' lang='lat' dir='ltr'><strong><em>prius</em></strong></span> <span class='ocrx_word' id='word_1_148' title='bbox 334 1427 406 1484; x_wconf 84' lang='lat' dir='ltr'><strong><em>elius</em></strong></span> <span class='ocrx_word' id='word_1_149' title='bbox 425 1445 471 1482; x_wconf 86' lang='lat' dir='ltr'><strong><em>mc</em></strong></span> <span class='ocrx_word' id='word_1_150' title='bbox 485 1425 637 1492; x_wconf 81' lang='lat' dir='ltr'>accusabit,</span> <span class='ocrx_word' id='word_1_151' title='bbox 652 1442 737 1500; x_wconf 82' lang='lat' dir='ltr'><strong><em>quem</em></strong></span> <span class='ocrx_word' id='word_1_152' title='bbox 751 1442 806 1498; x_wconf 84' lang='lat' dir='ltr'><strong><em>ego</em></strong></span> <span class='ocrx_word' id='word_1_153' title='bbox 859 1424 904 1480; x_wconf 77' lang='grc' dir='ltr'>καὶ</span> <span class='ocrx_word' id='word_1_154' title='bbox 928 1427 977 1492; x_wconf 80' lang='grc' dir='ltr'><strong><em>τῆς</em></strong></span> <span class='ocrx_word' id='word_1_155' title='bbox 999 1421 1134 1496; x_wconf 75' lang='grc' dir='ltr'>Εὐρώπης</span> <span class='ocrx_word' id='word_1_156' title='bbox 1154 1419 1343 1494; x_wconf 82' lang='grc' dir='ltr'>βασιλεῦσαι,</span> <span class='ocrx_word' id='word_1_157' title='bbox 1372 1427 1432 1482; x_wconf 81' lang='lat' dir='ltr'><strong><em>viii.</em></strong></span> 
     </span>
    </p>
   </div>
   <div class='ocr_carea' id='block_1_5' title="bbox 240 1499 1511 1582">
    <p class='ocr_par' dir='ltr' id='par_1_6' title="bbox 240 1499 1511 1582">
     <span class='ocr_line' id='line_1_16' title="bbox 240 1499 1511 1582; baseline -0.004 -16"><span class='ocrx_word' id='word_1_158' title='bbox 240 1528 291 1566; x_wconf 87' lang='lat' dir='ltr'><strong><em>vos</em></strong></span> <span class='ocrx_word' id='word_1_159' title='bbox 315 1507 534 1582; x_wconf 85' lang='lat' dir='ltr'><strong><em>denunciavcro,</em></strong></span> <span class='ocrx_word' id='word_1_160' title='bbox 555 1505 596 1561; x_wconf 90' lang='lat' dir='ltr'><strong><em>iii.</em></strong></span> <span class='ocrx_word' id='word_1_161' title='bbox 628 1505 722 1578; x_wconf 82' lang='lat' dir='ltr'><strong>7¹·s·</strong></span> <span class='ocrx_word' id='word_1_162' title='bbox 752 1501 807 1560; x_wconf 86' lang='lat' dir='ltr'><strong><em>Ubi</em></strong></span> <span class='ocrx_word' id='word_1_163' title='bbox 862 1502 1097 1562; x_wconf 85' lang='lat' dir='ltr'><strong><em>109.n.UbiDco</em></strong></span> <span class='ocrx_word' id='word_1_164' title='bbox 1109 1499 1281 1560; x_wconf 82' lang='lat' dir='ltr'><strong><em>tribuiturrb</em></strong></span> <span class='ocrx_word' id='word_1_165' title='bbox 1291 1503 1434 1580; x_wconf 87' lang='grc' dir='ltr'>φθονέειν,</span> <span class='ocrx_word' id='word_1_166' title='bbox 1510 1499 1511 1508; x_wconf 68' lang='grc'>’</span> 
     </span>
    </p>
   </div>
   <div class='ocr_carea' id='block_1_6' title="bbox 238 1583 1432 1904">
    <p class='ocr_par' dir='ltr' id='par_1_7' title="bbox 238 1583 1432 1904">
     <span class='ocr_line' id='line_1_17' title="bbox 241 1583 1431 1660; baseline -0.003 -14"><span class='ocrx_word' id='word_1_167' title='bbox 241 1608 292 1646; x_wconf 88' lang='lat' dir='ltr'><strong><em>nec</em></strong></span> <span class='ocrx_word' id='word_1_168' title='bbox 306 1587 492 1646; x_wconf 81' lang='lat' dir='ltr'><strong><em>Accusatious</em></strong></span> <span class='ocrx_word' id='word_1_169' title='bbox 506 1603 639 1660; x_wconf 84' lang='lat' dir='ltr'><strong><em>personae</em></strong></span> <span class='ocrx_word' id='word_1_170' title='bbox 653 1585 741 1653; x_wconf 84' lang='lat' dir='ltr'><strong><em>adest,</em></strong></span> <span class='ocrx_word' id='word_1_171' title='bbox 755 1603 806 1640; x_wconf 89' lang='lat' dir='ltr'><strong><em>nec</em></strong></span> <span class='ocrx_word' id='word_1_172' title='bbox 859 1585 1007 1660; x_wconf 75' lang='lat' dir='ltr'><strong><em>sipnificct,</em></strong></span> <span class='ocrx_word' id='word_1_173' title='bbox 1024 1584 1134 1651; x_wconf 88' lang='lat' dir='ltr'><strong><em>Odisse,</em></strong></span> <span class='ocrx_word' id='word_1_174' title='bbox 1147 1583 1311 1659; x_wconf 61' lang='lat' dir='ltr'><strong><em>Indignam,</em></strong></span> <span class='ocrx_word' id='word_1_175' title='bbox 1328 1585 1431 1643; x_wconf 83' lang='lat' dir='ltr'><strong><em>Irasci.</em></strong></span> 
     </span>
     <span class='ocr_line' id='line_1_18' title="bbox 241 1661 1432 1743; baseline -0.003 -18"><span class='ocrx_word' id='word_1_176' title='bbox 241 1669 345 1725; x_wconf 78' lang='lat' dir='ltr'><strong><em>diserte</em></strong></span> <span class='ocrx_word' id='word_1_177' title='bbox 358 1687 404 1724; x_wconf 83' lang='lat' dir='ltr'><strong><em>rer</em></strong></span> <span class='ocrx_word' id='word_1_178' title='bbox 418 1667 570 1734; x_wconf 81' lang='lat' dir='ltr'><strong><em>indicatur,</em></strong></span> <span class='ocrx_word' id='word_1_179' title='bbox 593 1684 658 1742; x_wconf 83' lang='lat' dir='ltr'><strong><em>quae</em></strong></span> <span class='ocrx_word' id='word_1_180' title='bbox 672 1665 710 1721; x_wconf 84' lang='lat' dir='ltr'><strong><em>ud</em></strong></span> <span class='ocrx_word' id='word_1_181' title='bbox 726 1664 805 1720; x_wconf 86' lang='lat' dir='ltr'><strong><em>Com·</em></strong></span> <span class='ocrx_word' id='word_1_182' title='bbox 859 1662 945 1722; x_wconf 81' lang='grc' dir='ltr'>έπεάν</span> <span class='ocrx_word' id='word_1_183' title='bbox 960 1677 1008 1741; x_wconf 91' lang='grc' dir='ltr'><strong><em>σφι</em></strong></span> <span class='ocrx_word' id='word_1_184' title='bbox 1021 1661 1036 1720; x_wconf 88' lang='grc' dir='ltr'>ὁ</span> <span class='ocrx_word' id='word_1_185' title='bbox 1051 1661 1111 1728; x_wconf 87' lang='grc' dir='ltr'>θεός</span> <span class='ocrx_word' id='word_1_186' title='bbox 1125 1661 1268 1741; x_wconf 89' lang='grc' dir='ltr'>φθονήσας</span> <span class='ocrx_word' id='word_1_187' title='bbox 1276 1662 1376 1741; x_wconf 85' lang='grc' dir='ltr'>φόβον</span> <span class='ocrx_word' id='word_1_188' title='bbox 1385 1665 1432 1743; x_wconf 87' lang='grc' dir='ltr'>έμ-</span> 
     </span>
     <span class='ocr_line' id='line_1_19' title="bbox 238 1741 1432 1826; baseline 0 -21"><span class='ocrx_word' id='word_1_189' title='bbox 238 1751 399 1826; x_wconf 87' lang='lat' dir='ltr'><strong><em>porotioum</em></strong></span> <span class='ocrx_word' id='word_1_190' title='bbox 424 1747 508 1804; x_wconf 86' lang='lat' dir='ltr'><strong><em>Prius</em></strong></span> <span class='ocrx_word' id='word_1_191' title='bbox 531 1755 580 1804; x_wconf 88' lang='lat' dir='ltr'><strong><em>ont</em></strong></span> <span class='ocrx_word' id='word_1_192' title='bbox 603 1745 694 1802; x_wconf 83' lang='lat' dir='ltr'><strong><em>Citius</em></strong></span> <span class='ocrx_word' id='word_1_193' title='bbox 713 1743 805 1820; x_wconf 85' lang='lat' dir='ltr'><strong><em>(cnjus</em></strong></span> <span class='ocrx_word' id='word_1_194' title='bbox 858 1741 1109 1824; x_wconf 80' lang='grc' dir='ltr'>βάληῆβροντήν,</span> <span class='ocrx_word' id='word_1_195' title='bbox 1123 1746 1172 1802; x_wconf 85' lang='lat' dir='ltr'><strong><em>vii.</em></strong></span> <span class='ocrx_word' id='word_1_196' title='bbox 1190 1748 1236 1812; x_wconf 89' lang='grc'><strong><em>10,</em></strong></span> <span class='ocrx_word' id='word_1_197' title='bbox 1252 1750 1281 1801; x_wconf 90' lang='grc'><strong><em>5.</em></strong></span> <span class='ocrx_word' id='word_1_198' title='bbox 1301 1746 1390 1823; x_wconf 88' lang='lat' dir='ltr'><strong><em>Conf.</em></strong></span> <span class='ocrx_word' id='word_1_199' title='bbox 1404 1746 1432 1804; x_wconf 83' lang='grc' dir='ltr'><strong><em>τό</em></strong></span> 
     </span>
     <span class='ocr_line' id='line_1_20' title="bbox 242 1823 1251 1904; baseline -0.005 -19"><span class='ocrx_word' id='word_1_200' title='bbox 242 1833 314 1886; x_wconf 87' lang='lat' dir='ltr'><strong><em>notio</em></strong></span> <span class='ocrx_word' id='word_1_201' title='bbox 329 1833 358 1886; x_wconf 89' lang='lat' dir='ltr'><strong><em>in</em></strong></span> <span class='ocrx_word' id='word_1_202' title='bbox 372 1828 453 1885; x_wconf 85' lang='lat' dir='ltr'><strong><em>verbo</em></strong></span> <span class='ocrx_word' id='word_1_203' title='bbox 475 1823 592 1904; x_wconf 81' lang='grc' dir='ltr'>φθάνειν</span> <span class='ocrx_word' id='word_1_204' title='bbox 607 1823 691 1902; x_wconf 85' lang='lat' dir='ltr'><strong><em>inest)</em></strong></span> <span class='ocrx_word' id='word_1_205' title='bbox 712 1829 805 1900; x_wconf 85' lang='lat' dir='ltr'><strong><em>refer·</em></strong></span> <span class='ocrx_word' id='word_1_206' title='bbox 860 1829 953 1894; x_wconf 79' lang='grc' dir='ltr'>θεῖον,</span> <span class='ocrx_word' id='word_1_207' title='bbox 966 1835 992 1882; x_wconf 90' lang='lat' dir='ltr'><strong><em>et</em></strong></span> <span class='ocrx_word' id='word_1_208' title='bbox 1005 1823 1075 1882; x_wconf 90' lang='lat' dir='ltr'><strong><em>Not.</em></strong></span> <span class='ocrx_word' id='word_1_209' title='bbox 1091 1825 1129 1881; x_wconf 83' lang='lat' dir='ltr'><strong><em>od</em></strong></span> <span class='ocrx_word' id='word_1_210' title='bbox 1142 1825 1185 1883; x_wconf 88' lang='lat' dir='ltr'><strong><em>iii.</em></strong></span> <span class='ocrx_word' id='word_1_211' title='bbox 1201 1829 1251 1882; x_wconf 91' lang='grc'><strong>40.</strong></span> 
     </span>
    </p>
   </div>
   <div class='ocr_carea' id='block_1_7' title="bbox 243 1883 1511 2087">
    <p class='ocr_par' dir='ltr' id='par_1_8' title="bbox 243 1883 1511 2087">
     <span class='ocr_line' id='line_1_21' title="bbox 243 1883 1511 1986; baseline 0 -20"><span class='ocrx_word' id='word_1_212' title='bbox 243 1919 298 1978; x_wconf 88' lang='lat' dir='ltr'><strong><em>tur,</em></strong></span> <span class='ocrx_word' id='word_1_213' title='bbox 314 1909 354 1966; x_wconf 90' lang='lat' dir='ltr'><strong><em>ibi</em></strong></span> <span class='ocrx_word' id='word_1_214' title='bbox 360 1905 478 1986; x_wconf 88' lang='grc' dir='ltr'>φθάνειν</span> <span class='ocrx_word' id='word_1_215' title='bbox 491 1906 654 1982; x_wconf 83' lang='lat' dir='ltr'><strong><em>sinpliciter</em></strong></span> <span class='ocrx_word' id='word_1_216' title='bbox 667 1907 807 1982; x_wconf 78' lang='lat' dir='ltr'><strong><em>sipniflcot</em></strong></span> <span class='ocrx_word' id='word_1_217' title='bbox 840 1902 1018 1982; x_wconf 83' lang='grc' dir='ltr'>Φθονερός,ή,</span> <span class='ocrx_word' id='word_1_218' title='bbox 1030 1902 1072 1974; x_wconf 83' lang='grc' dir='ltr'>δν,</span> <span class='ocrx_word' id='word_1_219' title='bbox 1085 1905 1302 1972; x_wconf 89' lang='lat' dir='ltr'><strong><em>Invidus‚0dio</em></strong></span> <span class='ocrx_word' id='word_1_220' title='bbox 1311 1907 1430 1966; x_wconf 84' lang='lat' dir='ltr'><strong><em>habens.</em></strong></span> <span class='ocrx_word' id='word_1_221' title='bbox 1510 1883 1511 1946; x_wconf 34' lang='grc' dir='ltr'><em>Ῐ</em></span> 
     </span>
     <span class='ocr_line' id='line_1_22' title="bbox 243 1983 1511 2087; baseline -0.002 -40"><span class='ocrx_word' id='word_1_222' title='bbox 243 1990 336 2047; x_wconf 91' lang='lat' dir='ltr'><strong><em>Nimis</em></strong></span> <span class='ocrx_word' id='word_1_223' title='bbox 363 1989 420 2046; x_wconf 89' lang='lat' dir='ltr'><strong><em>cito</em></strong></span> <span class='ocrx_word' id='word_1_224' title='bbox 446 1988 554 2087; x_wconf 59' lang='lat' dir='ltr'><strong><em>aliquid</em></strong></span> <span class='ocrx_word' id='word_1_225' title='bbox 578 1988 679 2053; x_wconf 83' lang='lat' dir='ltr'><strong><em>facere,</em></strong></span> <span class='ocrx_word' id='word_1_226' title='bbox 713 1987 805 2044; x_wconf 88' lang='lat' dir='ltr'><strong><em>Nimis</em></strong></span> <span class='ocrx_word' id='word_1_227' title='bbox 859 1983 925 2061; x_wconf 87' lang='lat' dir='ltr'><strong><em>(Sic</em></strong></span> <span class='ocrx_word' id='word_1_228' title='bbox 935 1985 1109 2064; x_wconf 84' lang='grc' dir='ltr'>Ἐπιφθονος,</span> <span class='ocrx_word' id='word_1_229' title='bbox 1121 1987 1277 2063; x_wconf 83' lang='lat' dir='ltr'><strong><em>quodoide,</em></strong></span> <span class='ocrx_word' id='word_1_230' title='bbox 1289 1987 1428 2059; x_wconf 86' lang='lat' dir='ltr'><strong><em>Odiosus,</em></strong></span> <span class='ocrx_word' id='word_1_231' title='bbox 1510 2029 1511 2054; x_wconf 49' lang='lat'><em>2</em></span> 
     </span>
    </p>
   </div>
   <div class='ocr_carea' id='block_1_8' title="bbox 221 2063 1432 2465">
    <p class='ocr_par' dir='ltr' id='par_1_9' title="bbox 221 2063 1432 2465">
     <span class='ocr_line' id='line_1_23' title="bbox 242 2063 1432 2146; baseline -0.001 -19"><span class='ocrx_word' id='word_1_232' title='bbox 242 2089 404 2146; x_wconf 86' lang='lat' dir='ltr'><strong><em>properare.</em></strong></span> <span class='ocrx_word' id='word_1_233' title='bbox 422 2067 471 2126; x_wconf 83' lang='grc' dir='ltr'>οόκ</span> <span class='ocrx_word' id='word_1_234' title='bbox 484 2091 521 2124; x_wconf 88' lang='grc' dir='ltr'>αν</span> <span class='ocrx_word' id='word_1_235' title='bbox 542 2064 672 2144; x_wconf 79' lang='grc' dir='ltr'>φθάνοιτε</span> <span class='ocrx_word' id='word_1_236' title='bbox 690 2063 742 2135; x_wconf 90' lang='grc' dir='ltr'><strong><em>τήν</em></strong></span> <span class='ocrx_word' id='word_1_237' title='bbox 756 2089 805 2123; x_wconf 79' lang='grc' dir='ltr'>τα·</span> <span class='ocrx_word' id='word_1_238' title='bbox 860 2076 887 2124; x_wconf 90' lang='lat' dir='ltr'><strong><em>et</em></strong></span> <span class='ocrx_word' id='word_1_239' title='bbox 899 2064 1098 2144; x_wconf 86' lang='grc' dir='ltr'>Ἐστιφθονέειν,</span> <span class='ocrx_word' id='word_1_240' title='bbox 1109 2063 1224 2140; x_wconf 84' lang='lat' dir='ltr'><strong><em>Odisse)</em></strong></span> <span class='ocrx_word' id='word_1_241' title='bbox 1238 2064 1269 2123; x_wconf 85' lang='lat' dir='ltr'><strong><em>rb</em></strong></span> <span class='ocrx_word' id='word_1_242' title='bbox 1281 2069 1363 2124; x_wconf 76' lang='grc' dir='ltr'>θεῖον</span> <span class='ocrx_word' id='word_1_243' title='bbox 1375 2074 1432 2126; x_wconf 82' lang='grc' dir='ltr'><strong><em>πᾶν</em></strong></span> 
     </span>
     <span class='ocr_line' id='line_1_24' title="bbox 242 2143 1431 2227; baseline -0.001 -20"><span class='ocrx_word' id='word_1_244' title='bbox 242 2154 347 2227; x_wconf 88' lang='grc' dir='ltr'>χίστην</span> <span class='ocrx_word' id='word_1_245' title='bbox 372 2148 460 2206; x_wconf 82' lang='grc' dir='ltr'>ὀπίσω</span> <span class='ocrx_word' id='word_1_246' title='bbox 484 2143 745 2223; x_wconf 76' lang='grc' dir='ltr'>ἀπαλλασσόμενοι,</span> <span class='ocrx_word' id='word_1_247' title='bbox 774 2147 806 2202; x_wconf 86' lang='lat' dir='ltr'><strong><em>Si</em></strong></span> <span class='ocrx_word' id='word_1_248' title='bbox 858 2145 919 2206; x_wconf 75' lang='grc' dir='ltr'>ἐστι</span> <span class='ocrx_word' id='word_1_249' title='bbox 929 2145 1069 2225; x_wconf 86' lang='grc' dir='ltr'>φθονερόν,</span> <span class='ocrx_word' id='word_1_250' title='bbox 1084 2148 1165 2204; x_wconf 65' lang='grc'><strong>162.</strong></span> <span class='ocrx_word' id='word_1_251' title='bbox 1179 2145 1331 2223; x_wconf 79' lang='grc' dir='ltr'>ο.Ν.ε’μο1</span> <span class='ocrx_word' id='word_1_252' title='bbox 1342 2149 1375 2208; x_wconf 88' lang='grc' dir='ltr'>αί</span> <span class='ocrx_word' id='word_1_253' title='bbox 1386 2153 1431 2209; x_wconf 82' lang='grc' dir='ltr'>σαὶ</span> 
     </span>
     <span class='ocr_line' id='line_1_25' title="bbox 221 2224 1431 2307; baseline 0.001 -19"><span class='ocrx_word' id='word_1_254' title='bbox 221 2228 807 2307; x_wconf 67' lang='grc' dir='ltr'>ἰςαοῐαρεὶαιαιῐ]αδὶετίῐίε,οοοαίαιίεοὶῐο</span> <span class='ocrx_word' id='word_1_255' title='bbox 858 2227 985 2305; x_wconf 86' lang='grc' dir='ltr'>μεγάλαι</span> <span class='ocrx_word' id='word_1_256' title='bbox 1006 2227 1132 2304; x_wconf 77' lang='grc' dir='ltr'>εὐτυχίαι</span> <span class='ocrx_word' id='word_1_257' title='bbox 1153 2225 1202 2284; x_wconf 76' lang='lat' dir='ltr'><strong><em>oie</em></strong></span> <span class='ocrx_word' id='word_1_258' title='bbox 1219 2224 1382 2303; x_wconf 84' lang='grc' dir='ltr'>α’ρέσκοοσι,</span> <span class='ocrx_word' id='word_1_259' title='bbox 1401 2230 1431 2289; x_wconf 88' lang='grc' dir='ltr'><strong><em>τό</em></strong></span> 
     </span>
     <span class='ocr_line' id='line_1_26' title="bbox 243 2305 1429 2406; baseline 0 -37"><span class='ocrx_word' id='word_1_260' title='bbox 243 2312 378 2379; x_wconf 82' lang='lat' dir='ltr'><strong><em>abieritis,</em></strong></span> <span class='ocrx_word' id='word_1_261' title='bbox 392 2330 449 2368; x_wconf 90' lang='lat' dir='ltr'><strong><em>non</em></strong></span> <span class='ocrx_word' id='word_1_262' title='bbox 462 2310 547 2366; x_wconf 89' lang='lat' dir='ltr'><strong><em>nimis</em></strong></span> <span class='ocrx_word' id='word_1_263' title='bbox 565 2309 803 2385; x_wconf 83' lang='lat' dir='ltr'><strong><em>properaveritis3</em></strong></span> <span class='ocrx_word' id='word_1_264' title='bbox 860 2311 935 2366; x_wconf 83' lang='grc' dir='ltr'>θεῖον</span> <span class='ocrx_word' id='word_1_265' title='bbox 943 2306 1117 2406; x_wconf 83' lang='grc' dir='ltr'>ἐπισταμένιρ</span> <span class='ocrx_word' id='word_1_266' title='bbox 1125 2305 1163 2372; x_wconf 78' lang='grc' dir='ltr'><strong><em>ὥς</em></strong></span> <span class='ocrx_word' id='word_1_267' title='bbox 1172 2306 1230 2364; x_wconf 81' lang='grc' dir='ltr'>ἐστι</span> <span class='ocrx_word' id='word_1_268' title='bbox 1240 2309 1429 2386; x_wconf 79' lang='grc' dir='ltr'>φθονερὸν,ἰίἰ.</span> 
     </span>
     <span class='ocr_line' id='line_1_27' title="bbox 243 2385 1431 2465; baseline 0.002 -17"><span class='ocrx_word' id='word_1_269' title='bbox 243 2393 276 2448; x_wconf 81' lang='lat' dir='ltr'><strong><em>id</em></strong></span> <span class='ocrx_word' id='word_1_270' title='bbox 295 2401 344 2460; x_wconf 84' lang='lat' dir='ltr'><strong><em>est,</em></strong></span> <span class='ocrx_word' id='word_1_271' title='bbox 367 2391 454 2447; x_wconf 84' lang='lat' dir='ltr'><strong><em>Nulla</em></strong></span> <span class='ocrx_word' id='word_1_272' title='bbox 476 2391 642 2465; x_wconf 84' lang='lat' dir='ltr'><strong><em>interposita</em></strong></span> <span class='ocrx_word' id='word_1_273' title='bbox 667 2408 755 2457; x_wconf 80' lang='lat' dir='ltr'><strong><em>mora,</em></strong></span> <span class='ocrx_word' id='word_1_274' title='bbox 779 2389 805 2444; x_wconf 89' lang='lat' dir='ltr'>E</span> <span class='ocrx_word' id='word_1_275' title='bbox 860 2395 908 2446; x_wconf 78' lang='lat'><strong><em>40.</em></strong></span> <span class='ocrx_word' id='word_1_276' title='bbox 923 2409 957 2447; x_wconf 81' lang='grc' dir='ltr'><strong><em>ιο.</em></strong></span> <span class='ocrx_word' id='word_1_277' title='bbox 974 2387 1016 2446; x_wconf 92' lang='lat' dir='ltr'><strong><em>N.</em></strong></span> <span class='ocrx_word' id='word_1_278' title='bbox 1031 2389 1046 2445; x_wconf 90' lang='grc' dir='ltr'>ὁ</span> <span class='ocrx_word' id='word_1_279' title='bbox 1061 2391 1131 2456; x_wconf 81' lang='grc' dir='ltr'>θεας,</span> <span class='ocrx_word' id='word_1_280' title='bbox 1145 2385 1253 2460; x_wconf 58' lang='lat' dir='ltr'><strong><em>ruodo</em></strong></span> <span class='ocrx_word' id='word_1_281' title='bbox 1261 2387 1374 2462; x_wconf 78' lang='grc' dir='ltr'>γεύσας</span> <span class='ocrx_word' id='word_1_282' title='bbox 1384 2392 1431 2450; x_wconf 76' lang='grc' dir='ltr'><strong><em>τὸν</em></strong></span> 
     </span>
    </p>
   </div>
   <div class='ocr_carea' id='block_1_9' title="bbox 243 2467 1510 2547">
    <p class='ocr_par' dir='ltr' id='par_1_10' title="bbox 243 2467 1510 2547">
     <span class='ocr_line' id='line_1_28' title="bbox 243 2467 1510 2547; baseline 0.002 -19"><span class='ocrx_word' id='word_1_283' title='bbox 243 2471 371 2546; x_wconf 81' lang='lat' dir='ltr'><strong><em>vestigio,</em></strong></span> <span class='ocrx_word' id='word_1_284' title='bbox 390 2471 456 2527; x_wconf 90' lang='lat' dir='ltr'><strong><em>hinc</em></strong></span> <span class='ocrx_word' id='word_1_285' title='bbox 479 2471 557 2526; x_wconf 85' lang='lat' dir='ltr'><strong><em>abire</em></strong></span> <span class='ocrx_word' id='word_1_286' title='bbox 575 2469 734 2526; x_wconf 77' lang='lat' dir='ltr'><strong><em>maturate!</em></strong></span> <span class='ocrx_word' id='word_1_287' title='bbox 755 2469 803 2526; x_wconf 86' lang='lat' dir='ltr'><strong><em>vii.</em></strong></span> <span class='ocrx_word' id='word_1_288' title='bbox 860 2471 959 2540; x_wconf 78' lang='grc' dir='ltr'>αἰῶνα,</span> <span class='ocrx_word' id='word_1_289' title='bbox 980 2467 1110 2547; x_wconf 87' lang='grc' dir='ltr'>φθονερός</span> <span class='ocrx_word' id='word_1_290' title='bbox 1122 2467 1154 2526; x_wconf 84' lang='grc' dir='ltr'>έν</span> <span class='ocrx_word' id='word_1_291' title='bbox 1173 2467 1246 2546; x_wconf 71' lang='grc' dir='ltr'>αὐτῷ</span> <span class='ocrx_word' id='word_1_292' title='bbox 1264 2467 1430 2546; x_wconf 74' lang='grc' dir='ltr'>εὑρίσκεται,</span> <span class='ocrx_word' id='word_1_293' title='bbox 1509 2507 1510 2522; x_wconf 76' lang='lat'><strong><em>.</em></strong></span> 
     </span>
    </p>
   </div>
   <div class='ocr_carea' id='block_1_10' title="bbox 243 2549 1432 2790">
    <p class='ocr_par' dir='ltr' id='par_1_11' title="bbox 243 2549 1432 2790">
     <span class='ocr_line' id='line_1_29' title="bbox 245 2549 1432 2626; baseline 0.005 -20"><span class='ocrx_word' id='word_1_294' title='bbox 245 2549 405 2616; x_wconf 72' lang='lat' dir='ltr'><strong><em>lonMitt,</em></strong></span> <span class='ocrx_word' id='word_1_295' title='bbox 415 2552 639 2606; x_wconf 77' lang='lat' dir='ltr'><strong><em>constructionem</em></strong></span> <span class='ocrx_word' id='word_1_296' title='bbox 646 2551 806 2623; x_wconf 85' lang='lat' dir='ltr'><strong><em>prcesertin</em></strong></span> <span class='ocrx_word' id='word_1_297' title='bbox 859 2551 908 2608; x_wconf 84' lang='lat' dir='ltr'><strong><em>vii.</em></strong></span> <span class='ocrx_word' id='word_1_298' title='bbox 924 2555 973 2608; x_wconf 82' lang='lat'><strong><em>46.</em></strong></span> <span class='ocrx_word' id='word_1_299' title='bbox 977 2554 1005 2626; x_wconf 89' lang='lat' dir='ltr'><strong><em>s.</em></strong></span> <span class='ocrx_word' id='word_1_300' title='bbox 1020 2550 1125 2613; x_wconf 81' lang='lat' dir='ltr'><strong><em>Quibus</em></strong></span> <span class='ocrx_word' id='word_1_301' title='bbox 1137 2570 1172 2606; x_wconf 80' lang='lat' dir='ltr'><strong><em>ee</em></strong></span> <span class='ocrx_word' id='word_1_302' title='bbox 1184 2549 1251 2606; x_wconf 84' lang='lat' dir='ltr'><strong><em>iocis</em></strong></span> <span class='ocrx_word' id='word_1_303' title='bbox 1262 2571 1348 2626; x_wconf 85' lang='lat' dir='ltr'><strong><em>quum</em></strong></span> <span class='ocrx_word' id='word_1_304' title='bbox 1358 2557 1432 2612; x_wconf 89' lang='lat' dir='ltr'><strong><em>inter</em></strong></span> 
     </span>
     <span class='ocr_line' id='line_1_30' title="bbox 244 2628 1430 2706; baseline 0.003 -18"><span class='ocrx_word' id='word_1_305' title='bbox 244 2629 410 2706; x_wconf 81' lang='lat' dir='ltr'><strong><em>bujusoerbi</em></strong></span> <span class='ocrx_word' id='word_1_306' title='bbox 420 2648 480 2686; x_wconf 89' lang='lat' dir='ltr'><strong><em>cnm</em></strong></span> <span class='ocrx_word' id='word_1_307' title='bbox 488 2628 656 2686; x_wconf 85' lang='lat' dir='ltr'><strong><em>Accusatioo</em></strong></span> <span class='ocrx_word' id='word_1_308' title='bbox 667 2630 805 2704; x_wconf 76' lang='lat' dir='ltr'><strong><em>copitcnti,</em></strong></span> <span class='ocrx_word' id='word_1_309' title='bbox 860 2650 890 2688; x_wconf 87' lang='lat' dir='ltr'><strong><em>sc</em></strong></span> <span class='ocrx_word' id='word_1_310' title='bbox 901 2631 1018 2700; x_wconf 85' lang='lat' dir='ltr'><strong><em>collutis,</em></strong></span> <span class='ocrx_word' id='word_1_311' title='bbox 1028 2640 1083 2688; x_wconf 87' lang='lat' dir='ltr'><strong><em>tum</em></strong></span> <span class='ocrx_word' id='word_1_312' title='bbox 1094 2629 1226 2687; x_wconf 79' lang='lat' dir='ltr'><strong><em>adhibitis</em></strong></span> <span class='ocrx_word' id='word_1_313' title='bbox 1241 2632 1350 2690; x_wconf 82' lang='lat' dir='ltr'><strong><em>duobus</em></strong></span> <span class='ocrx_word' id='word_1_314' title='bbox 1364 2636 1430 2694; x_wconf 75' lang='lat' dir='ltr'><strong><em>attis</em></strong></span> 
     </span>
     <span class='ocr_line' id='line_1_31' title="bbox 243 2710 1428 2790; baseline 0.005 -22"><span class='ocrx_word' id='word_1_315' title='bbox 243 2710 370 2768; x_wconf 81' lang='lat' dir='ltr'><strong><em>subtilior</em></strong></span> <span class='ocrx_word' id='word_1_316' title='bbox 393 2729 473 2786; x_wconf 85' lang='lat' dir='ltr'><strong><em>quom</em></strong></span> <span class='ocrx_word' id='word_1_317' title='bbox 497 2711 590 2766; x_wconf 90' lang='lat' dir='ltr'><strong><em>oerior</em></strong></span> <span class='ocrx_word' id='word_1_318' title='bbox 612 2727 719 2784; x_wconf 83' lang='lat' dir='ltr'><strong><em>semper</em></strong></span> <span class='ocrx_word' id='word_1_319' title='bbox 747 2711 807 2766; x_wconf 85' lang='lat' dir='ltr'><strong><em>oisc</em></strong></span> <span class='ocrx_word' id='word_1_320' title='bbox 855 2712 910 2768; x_wconf 66' lang='lat' dir='ltr'><strong><em>sii.</em></strong></span> <span class='ocrx_word' id='word_1_321' title='bbox 928 2716 974 2780; x_wconf 91' lang='grc'><strong><em>10,</em></strong></span> <span class='ocrx_word' id='word_1_322' title='bbox 990 2717 1019 2768; x_wconf 95' lang='grc'><strong>5.</strong></span> <span class='ocrx_word' id='word_1_323' title='bbox 1035 2720 1062 2767; x_wconf 90' lang='lat' dir='ltr'><strong><em>et</em></strong></span> <span class='ocrx_word' id='word_1_324' title='bbox 1075 2711 1113 2767; x_wconf 87' lang='lat' dir='ltr'><strong><em>iv.</em></strong></span> <span class='ocrx_word' id='word_1_325' title='bbox 1129 2715 1199 2768; x_wconf 83' lang='lat'><strong><em>205.</em></strong></span> <span class='ocrx_word' id='word_1_326' title='bbox 1215 2711 1241 2768; x_wconf 91' lang='lat' dir='ltr'><strong><em>b.</em></strong></span> <span class='ocrx_word' id='word_1_327' title='bbox 1257 2714 1428 2790; x_wconf 72' lang='lat' dir='ltr'><strong><em>inteiiipitur</em></strong></span> 
     </span>
    </p>
   </div>
   <div class='ocr_carea' id='block_1_11' title="bbox 242 2789 1509 2869">
    <p class='ocr_par' dir='ltr' id='par_1_12' title="bbox 242 2789 1509 2869">
     <span class='ocr_line' id='line_1_32' title="bbox 242 2789 1509 2869; baseline 0.006 -20"><span class='ocrx_word' id='word_1_328' title='bbox 242 2801 284 2850; x_wconf 82' lang='lat' dir='ltr'><strong><em>est</em></strong></span> <span class='ocrx_word' id='word_1_329' title='bbox 298 2790 454 2848; x_wconf 85' lang='lat' dir='ltr'><strong><em>Hermonni</em></strong></span> <span class='ocrx_word' id='word_1_330' title='bbox 467 2793 548 2859; x_wconf 81' lang='lat' dir='ltr'><strong><em>notio,</em></strong></span> <span class='ocrx_word' id='word_1_331' title='bbox 564 2791 711 2865; x_wconf 84' lang='lat' dir='ltr'><strong><em>propriam</em></strong></span> <span class='ocrx_word' id='word_1_332' title='bbox 725 2789 807 2864; x_wconf 81' lang='lat' dir='ltr'><strong><em>injus</em></strong></span> <span class='ocrx_word' id='word_1_333' title='bbox 860 2794 1022 2849; x_wconf 82' lang='lat' dir='ltr'><strong><em>sententium</em></strong></span> <span class='ocrx_word' id='word_1_334' title='bbox 1037 2791 1176 2848; x_wconf 83' lang='lat' dir='ltr'><strong><em>Herodoti</em></strong></span> <span class='ocrx_word' id='word_1_335' title='bbox 1189 2791 1297 2849; x_wconf 88' lang='lat' dir='ltr'><strong><em>boncce</em></strong></span> <span class='ocrx_word' id='word_1_336' title='bbox 1309 2797 1427 2869; x_wconf 82' lang='lat' dir='ltr'><strong><em>fuisse:</em></strong></span> <span class='ocrx_word' id='word_1_337' title='bbox 1508 2849 1509 2856; x_wconf 72' lang='grc'>,</span> 
     </span>
    </p>
   </div>
   <div class='ocr_carea' id='block_1_12' title="bbox 244 2870 1431 3192">
    <p class='ocr_par' dir='ltr' id='par_1_13' title="bbox 245 2870 1431 3027">
     <span class='ocr_line' id='line_1_33' title="bbox 245 2870 1431 2947; baseline 0.005 -17"><span class='ocrx_word' id='word_1_338' title='bbox 245 2871 323 2930; x_wconf 63' lang='lat' dir='ltr'><strong><em>umbi</em></strong></span> <span class='ocrx_word' id='word_1_339' title='bbox 343 2874 396 2928; x_wconf 86' lang='lat' dir='ltr'><strong><em>vim</em></strong></span> <span class='ocrx_word' id='word_1_340' title='bbox 416 2874 445 2927; x_wconf 91' lang='lat' dir='ltr'><strong><em>in</em></strong></span> <span class='ocrx_word' id='word_1_341' title='bbox 461 2871 613 2940; x_wconf 81' lang='lat' dir='ltr'><strong><em>Cessendo,</em></strong></span> <span class='ocrx_word' id='word_1_342' title='bbox 631 2870 806 2939; x_wconf 90' lang='lat' dir='ltr'><strong><em>Desinendo,</em></strong></span> <span class='ocrx_word' id='word_1_343' title='bbox 861 2873 950 2941; x_wconf 90' lang='lat' dir='ltr'><strong><em>Deus,</em></strong></span> <span class='ocrx_word' id='word_1_344' title='bbox 972 2873 1097 2929; x_wconf 82' lang='lat' dir='ltr'><strong><em>fortunae</em></strong></span> <span class='ocrx_word' id='word_1_345' title='bbox 1118 2872 1305 2947; x_wconf 83' lang='lat' dir='ltr'><strong><em>dispensator,</em></strong></span> <span class='ocrx_word' id='word_1_346' title='bbox 1327 2895 1431 2936; x_wconf 88' lang='lat' dir='ltr'><strong><em>eorum</em></strong></span> 
     </span>
     <span class='ocr_line' id='line_1_34' title="bbox 246 2952 1430 3027; baseline 0.005 -17"><span class='ocrx_word' id='word_1_347' title='bbox 246 2957 336 3011; x_wconf 87' lang='lat' dir='ltr'><strong><em>inesse</em></strong></span> <span class='ocrx_word' id='word_1_348' title='bbox 350 2952 544 3010; x_wconf 83' lang='lat' dir='ltr'><strong><em>contendentis.</em></strong></span> <span class='ocrx_word' id='word_1_349' title='bbox 860 2952 998 3020; x_wconf 80' lang='lat' dir='ltr'><strong><em>felicitati,</em></strong></span> <span class='ocrx_word' id='word_1_350' title='bbox 1024 2953 1075 3027; x_wconf 89' lang='lat' dir='ltr'><strong><em>qui</em></strong></span> <span class='ocrx_word' id='word_1_351' title='bbox 1098 2952 1180 3009; x_wconf 87' lang='lat' dir='ltr'><strong><em>donis</em></strong></span> <span class='ocrx_word' id='word_1_352' title='bbox 1203 2953 1329 3012; x_wconf 84' lang='lat' dir='ltr'><strong><em>fortunae</em></strong></span> <span class='ocrx_word' id='word_1_353' title='bbox 1357 2959 1430 3016; x_wconf 80' lang='lat' dir='ltr'><strong><em>abu·</em></strong></span> 
     </span>
    </p>

    <p class='ocr_par' dir='ltr' id='par_1_14' title="bbox 244 3029 1430 3192">
     <span class='ocr_line' id='line_1_35' title="bbox 288 3029 1429 3108; baseline 0.004 -19"><span class='ocrx_word' id='word_1_354' title='bbox 288 3031 360 3090; x_wconf 88' lang='lat' dir='ltr'><strong><em>Oiim</em></strong></span> <span class='ocrx_word' id='word_1_355' title='bbox 374 3029 520 3089; x_wconf 82' lang='grc' dir='ltr'>ἐπιθέοντα</span> <span class='ocrx_word' id='word_1_356' title='bbox 532 3029 604 3108; x_wconf 74' lang='grc' dir='ltr'>φθάς</span> <span class='ocrx_word' id='word_1_357' title='bbox 617 3031 719 3088; x_wconf 84' lang='lat' dir='ltr'><strong><em>editum</em></strong></span> <span class='ocrx_word' id='word_1_358' title='bbox 733 3031 805 3105; x_wconf 79' lang='lat' dir='ltr'><strong><em>iepe-</em></strong></span> <span class='ocrx_word' id='word_1_359' title='bbox 862 3040 963 3089; x_wconf 91' lang='lat' dir='ltr'><strong><em>tuntur</em></strong></span> <span class='ocrx_word' id='word_1_360' title='bbox 974 3039 1023 3089; x_wconf 82' lang='lat' dir='ltr'><strong><em>aut</em></strong></span> <span class='ocrx_word' id='word_1_361' title='bbox 1031 3033 1073 3089; x_wconf 90' lang='lat' dir='ltr'><strong><em>eis</em></strong></span> <span class='ocrx_word' id='word_1_362' title='bbox 1081 3032 1235 3090; x_wconf 88' lang='lat' dir='ltr'><strong><em>insolenter</em></strong></span> <span class='ocrx_word' id='word_1_363' title='bbox 1244 3037 1429 3108; x_wconf 87' lang='lat' dir='ltr'><strong><em>superbiunt,</em></strong></span> 
     </span>
     <span class='ocr_line' id='line_1_36' title="bbox 244 3108 1430 3192; baseline 0.005 -22"><span class='ocrx_word' id='word_1_364' title='bbox 244 3113 326 3170; x_wconf 82' lang='lat' dir='ltr'><strong><em>batur</em></strong></span> <span class='ocrx_word' id='word_1_365' title='bbox 338 3113 377 3170; x_wconf 89' lang='lat' dir='ltr'><strong><em>ix.</em></strong></span> <span class='ocrx_word' id='word_1_366' title='bbox 395 3114 461 3175; x_wconf 91' lang='grc'><strong>107.</strong></span> <span class='ocrx_word' id='word_1_367' title='bbox 477 3132 510 3169; x_wconf 84' lang='grc' dir='ltr'><strong><em>οι.</em></strong></span> <span class='ocrx_word' id='word_1_368' title='bbox 522 3113 569 3169; x_wconf 88' lang='lat' dir='ltr'><strong><em>ubi</em></strong></span> <span class='ocrx_word' id='word_1_369' title='bbox 581 3108 725 3168; x_wconf 81' lang='grc' dir='ltr'>ἐπιθέοντα</span> <span class='ocrx_word' id='word_1_370' title='bbox 739 3122 807 3187; x_wconf 84' lang='grc' dir='ltr'>φρα-</span> <span class='ocrx_word' id='word_1_371' title='bbox 861 3114 942 3188; x_wconf 85' lang='lat' dir='ltr'><strong><em>quasi</em></strong></span> <span class='ocrx_word' id='word_1_372' title='bbox 982 3112 1106 3182; x_wconf 86' lang='lat' dir='ltr'><strong><em>Invidet,</em></strong></span> <span class='ocrx_word' id='word_1_373' title='bbox 1124 3132 1248 3188; x_wconf 89' lang='lat' dir='ltr'><strong><em>-nempe</em></strong></span> <span class='ocrx_word' id='word_1_374' title='bbox 1286 3115 1430 3192; x_wconf 84' lang='lat' dir='ltr'><strong><em>indignos</em></strong></span> 
     </span>
    </p>
   </div>
   <div class='ocr_carea' id='block_1_13' title="bbox 247 3193 1508 3270">
    <p class='ocr_par' dir='ltr' id='par_1_15' title="bbox 247 3193 1508 3270">
     <span class='ocr_line' id='line_1_37' title="bbox 247 3193 1508 3270; baseline 0.004 -20"><span class='ocrx_word' id='word_1_375' title='bbox 247 3195 322 3257; x_wconf 79' lang='grc' dir='ltr'>σθεὶς</span> <span class='ocrx_word' id='word_1_376' title='bbox 342 3195 443 3269; x_wconf 84' lang='lat' dir='ltr'><strong><em>scripti</em></strong></span> <span class='ocrx_word' id='word_1_377' title='bbox 463 3193 531 3249; x_wconf 85' lang='lat' dir='ltr'><strong><em>iibri</em></strong></span> <span class='ocrx_word' id='word_1_378' title='bbox 552 3212 642 3249; x_wconf 84' lang='lat' dir='ltr'><strong><em>omnes</em></strong></span> <span class='ocrx_word' id='word_1_379' title='bbox 661 3193 805 3249; x_wconf 85' lang='lat' dir='ltr'><strong><em>dederunt.</em></strong></span> <span class='ocrx_word' id='word_1_380' title='bbox 860 3193 915 3249; x_wconf 83' lang='lat' dir='ltr'><strong><em>istu</em></strong></span> <span class='ocrx_word' id='word_1_381' title='bbox 939 3193 1074 3250; x_wconf 83' lang='lat' dir='ltr'><strong><em>felicitate</em></strong></span> <span class='ocrx_word' id='word_1_382' title='bbox 1097 3193 1228 3269; x_wconf 83' lang='lat' dir='ltr'><strong><em>judicans</em></strong></span> <span class='ocrx_word' id='word_1_383' title='bbox 1256 3195 1329 3252; x_wconf 92' lang='lat' dir='ltr'><strong><em>Odit</em></strong></span> <span class='ocrx_word' id='word_1_384' title='bbox 1355 3199 1429 3270; x_wconf 87' lang='lat' dir='ltr'><strong><em>illos,</em></strong></span> <span class='ocrx_word' id='word_1_385' title='bbox 1507 3205 1508 3214; x_wconf 76' lang='grc'>’</span> 
     </span>
    </p>
   </div>
   <div class='ocr_carea' id='block_1_14' title="bbox 222 3271 1430 4560">
    <p class='ocr_par' dir='ltr' id='par_1_16' title="bbox 225 3271 1430 3429">
     <span class='ocr_line' id='line_1_38' title="bbox 250 3271 1429 3350; baseline 0.006 -23"><span class='ocrx_word' id='word_1_386' title='bbox 250 3272 318 3329; x_wconf 82' lang='lat' dir='ltr'><strong><em>Vide</em></strong></span> <span class='ocrx_word' id='word_1_387' title='bbox 336 3271 402 3330; x_wconf 89' lang='lat' dir='ltr'><strong><em>Vor.</em></strong></span> <span class='ocrx_word' id='word_1_388' title='bbox 418 3272 496 3330; x_wconf 85' lang='lat' dir='ltr'><strong><em>Lect.</em></strong></span> <span class='ocrx_word' id='word_1_389' title='bbox 512 3281 538 3329; x_wconf 90' lang='lat' dir='ltr'><strong><em>et</em></strong></span> <span class='ocrx_word' id='word_1_390' title='bbox 551 3271 621 3329; x_wconf 90' lang='lat' dir='ltr'><strong><em>Not.</em></strong></span> <span class='ocrx_word' id='word_1_391' title='bbox 861 3273 1002 3348; x_wconf 84' lang='lat' dir='ltr'><strong><em>eripitque</em></strong></span> <span class='ocrx_word' id='word_1_392' title='bbox 1033 3274 1074 3330; x_wconf 90' lang='lat' dir='ltr'><strong><em>eis</em></strong></span> <span class='ocrx_word' id='word_1_393' title='bbox 1103 3273 1188 3330; x_wconf 82' lang='lat' dir='ltr'><strong><em>Dona</em></strong></span> <span class='ocrx_word' id='word_1_394' title='bbox 1216 3274 1284 3331; x_wconf 90' lang='lat' dir='ltr'><strong><em>olim</em></strong></span> <span class='ocrx_word' id='word_1_395' title='bbox 1314 3277 1429 3350; x_wconf 80' lang='lat' dir='ltr'><strong><em>collata,</em></strong></span> 
     </span>
     <span class='ocr_line' id='line_1_39' title="bbox 225 3349 1430 3429; baseline 0.007 -22"><span class='ocrx_word' id='word_1_396' title='bbox 225 3349 414 3425; x_wconf 85' lang='grc' dir='ltr'>Φθέγγεσθοι,</span> <span class='ocrx_word' id='word_1_397' title='bbox 437 3355 555 3422; x_wconf 88' lang='lat' dir='ltr'><strong><em>Sonum,</em></strong></span> <span class='ocrx_word' id='word_1_398' title='bbox 579 3354 690 3412; x_wconf 82' lang='lat' dir='ltr'><strong><em>Vocem</em></strong></span> <span class='ocrx_word' id='word_1_399' title='bbox 710 3353 804 3410; x_wconf 88' lang='lat' dir='ltr'><strong><em>edere.</em></strong></span> <span class='ocrx_word' id='word_1_400' title='bbox 861 3361 946 3429; x_wconf 84' lang='lat' dir='ltr'><strong><em>atque</em></strong></span> <span class='ocrx_word' id='word_1_401' title='bbox 970 3354 1066 3422; x_wconf 87' lang='lat' dir='ltr'><strong><em>etiam,</em></strong></span> <span class='ocrx_word' id='word_1_402' title='bbox 1091 3354 1115 3410; x_wconf 92' lang='lat' dir='ltr'><strong><em>si</em></strong></span> <span class='ocrx_word' id='word_1_403' title='bbox 1139 3355 1180 3410; x_wconf 83' lang='lat' dir='ltr'><strong><em>ita</em></strong></span> <span class='ocrx_word' id='word_1_404' title='bbox 1203 3374 1248 3411; x_wconf 88' lang='lat' dir='ltr'><strong><em>res</em></strong></span> <span class='ocrx_word' id='word_1_405' title='bbox 1272 3356 1341 3426; x_wconf 83' lang='lat' dir='ltr'><strong><em>fert,</em></strong></span> <span class='ocrx_word' id='word_1_406' title='bbox 1367 3361 1430 3420; x_wconf 81' lang='lat' dir='ltr'><strong><em>aliis</em></strong></span> 
     </span>
    </p>

    <p class='ocr_par' dir='ltr' id='par_1_17' title="bbox 244 3427 1206 3510">
     <span class='ocr_line' id='line_1_40' title="bbox 244 3427 1206 3510; baseline 0.002 -22"><span class='ocrx_word' id='word_1_407' title='bbox 244 3427 306 3488; x_wconf 82' lang='lat' dir='ltr'><strong><em>cion</em></strong></span> <span class='ocrx_word' id='word_1_408' title='bbox 315 3429 451 3507; x_wconf 74' lang='grc' dir='ltr'>ἐφθέγξαο</span> <span class='ocrx_word' id='word_1_409' title='bbox 460 3428 535 3501; x_wconf 67' lang='lat' dir='ltr'><strong><em>inor,</em></strong></span> <span class='ocrx_word' id='word_1_410' title='bbox 550 3434 598 3489; x_wconf 89' lang='lat' dir='ltr'><strong><em>vii.</em></strong></span> <span class='ocrx_word' id='word_1_411' title='bbox 615 3437 682 3490; x_wconf 86' lang='grc'><strong>103.</strong></span> <span class='ocrx_word' id='word_1_412' title='bbox 693 3453 720 3489; x_wconf 90' lang='lat' dir='ltr'><strong><em>c.</em></strong></span> <span class='ocrx_word' id='word_1_413' title='bbox 731 3435 807 3490; x_wconf 80' lang='grc' dir='ltr'>θεῖον</span> <span class='ocrx_word' id='word_1_414' title='bbox 862 3435 955 3510; x_wconf 87' lang='lat' dir='ltr'><strong><em>poenis</em></strong></span> <span class='ocrx_word' id='word_1_415' title='bbox 970 3435 1085 3490; x_wconf 89' lang='lat' dir='ltr'><strong><em>eosdem</em></strong></span> <span class='ocrx_word' id='word_1_416' title='bbox 1099 3434 1206 3491; x_wconf 85' lang='lat' dir='ltr'><strong><em>adficit.</em></strong></span> 
     </span>
    </p>

    <p class='ocr_par' dir='ltr' id='par_1_18' title="bbox 244 3507 1429 3597">
     <span class='ocr_line' id='line_1_41' title="bbox 244 3507 1429 3597; baseline 0.005 -28"><span class='ocrx_word' id='word_1_417' title='bbox 244 3510 275 3570; x_wconf 90' lang='grc' dir='ltr'><strong><em>τό</em></strong></span> <span class='ocrx_word' id='word_1_418' title='bbox 289 3507 493 3590; x_wconf 82' lang='grc' dir='ltr'>φθεγγόμενον,</span> <span class='ocrx_word' id='word_1_419' title='bbox 503 3512 561 3568; x_wconf 85' lang='lat' dir='ltr'><strong><em>viii.</em></strong></span> <span class='ocrx_word' id='word_1_420' title='bbox 574 3516 621 3568; x_wconf 86' lang='lat'><strong><em>65.</em></strong></span> <span class='ocrx_word' id='word_1_421' title='bbox 630 3532 656 3568; x_wconf 88' lang='grc' dir='ltr'><strong><em>α.</em></strong></span> <span class='ocrx_word' id='word_1_422' title='bbox 668 3532 702 3568; x_wconf 85' lang='lat' dir='ltr'><strong><em>m.</em></strong></span> <span class='ocrx_word' id='word_1_423' title='bbox 711 3512 807 3570; x_wconf 85' lang='lat' dir='ltr'><strong><em>Etiam</em></strong></span> <span class='ocrx_word' id='word_1_424' title='bbox 841 3513 955 3583; x_wconf 86' lang='grc' dir='ltr'>Φθόνος,</span> <span class='ocrx_word' id='word_1_425' title='bbox 966 3513 991 3582; x_wconf 88' lang='grc' dir='ltr'>ὁ,</span> <span class='ocrx_word' id='word_1_426' title='bbox 1004 3513 1126 3572; x_wconf 71' lang='lat' dir='ltr'><strong><em>Invidia.</em></strong></span> <span class='ocrx_word' id='word_1_427' title='bbox 1138 3517 1225 3571; x_wconf 83' lang='grc' dir='ltr'>ταῦτα</span> <span class='ocrx_word' id='word_1_428' title='bbox 1234 3513 1288 3592; x_wconf 87' lang='grc' dir='ltr'>μέν</span> <span class='ocrx_word' id='word_1_429' title='bbox 1303 3517 1349 3574; x_wconf 75' lang='grc' dir='ltr'>καί</span> <span class='ocrx_word' id='word_1_430' title='bbox 1360 3518 1429 3597; x_wconf 86' lang='grc' dir='ltr'>φθά-</span> 
     </span>
    </p>

    <p class='ocr_par' dir='ltr' id='par_1_19' title="bbox 247 3589 1235 3671">
     <span class='ocr_line' id='line_1_42' title="bbox 247 3589 1235 3671; baseline 0 -20"><span class='ocrx_word' id='word_1_431' title='bbox 247 3595 282 3651; x_wconf 79' lang='lat' dir='ltr'><strong><em>de</em></strong></span> <span class='ocrx_word' id='word_1_432' title='bbox 296 3592 420 3650; x_wconf 87' lang='lat' dir='ltr'><strong><em>Hinnitu</em></strong></span> <span class='ocrx_word' id='word_1_433' title='bbox 438 3610 586 3667; x_wconf 89' lang='lat' dir='ltr'><strong><em>equorum.</em></strong></span> <span class='ocrx_word' id='word_1_434' title='bbox 606 3589 668 3648; x_wconf 86' lang='grc' dir='ltr'>ότεν</span> <span class='ocrx_word' id='word_1_435' title='bbox 687 3590 702 3648; x_wconf 89' lang='grc' dir='ltr'>ό</span> <span class='ocrx_word' id='word_1_436' title='bbox 721 3591 806 3658; x_wconf 83' lang='grc' dir='ltr'>ἵππος</span> <span class='ocrx_word' id='word_1_437' title='bbox 862 3617 900 3671; x_wconf 86' lang='grc' dir='ltr'><strong><em>νιρ</em></strong></span> <span class='ocrx_word' id='word_1_438' title='bbox 914 3590 951 3650; x_wconf 81' lang='lat' dir='ltr'><strong><em>sir</em></strong></span> <span class='ocrx_word' id='word_1_439' title='bbox 965 3593 1079 3664; x_wconf 82' lang='grc' dir='ltr'>είποιεν,</span> <span class='ocrx_word' id='word_1_440' title='bbox 1094 3595 1133 3650; x_wconf 89' lang='lat' dir='ltr'><strong><em>ix.</em></strong></span> <span class='ocrx_word' id='word_1_441' title='bbox 1149 3595 1198 3657; x_wconf 87' lang='lat'><strong><em>71.</em></strong></span> <span class='ocrx_word' id='word_1_442' title='bbox 1206 3599 1235 3670; x_wconf 81' lang='lat' dir='ltr'><strong><em>f.</em></strong></span> 
     </span>
    </p>

    <p class='ocr_par' dir='ltr' id='par_1_20' title="bbox 225 3670 1429 3831">
     <span class='ocr_line' id='line_1_43' title="bbox 245 3670 1429 3757; baseline 0.003 -26"><span class='ocrx_word' id='word_1_443' title='bbox 245 3677 351 3751; x_wconf 71' lang='grc' dir='ltr'>πρῶτος</span> <span class='ocrx_word' id='word_1_444' title='bbox 363 3670 523 3748; x_wconf 80' lang='grc' dir='ltr'>φθέγξηται,</span> <span class='ocrx_word' id='word_1_445' title='bbox 538 3673 579 3729; x_wconf 90' lang='lat' dir='ltr'><strong><em>iii.</em></strong></span> <span class='ocrx_word' id='word_1_446' title='bbox 595 3677 643 3729; x_wconf 87' lang='grc'><strong>84.</strong></span> <span class='ocrx_word' id='word_1_447' title='bbox 651 3675 679 3747; x_wconf 80' lang='lat' dir='ltr'><strong><em>s.</em></strong></span> <span class='ocrx_word' id='word_1_448' title='bbox 696 3678 743 3730; x_wconf 88' lang='lat'><strong><em>85.</em></strong></span> <span class='ocrx_word' id='word_1_449' title='bbox 759 3693 785 3729; x_wconf 88' lang='grc' dir='ltr'><strong><em>α.</em></strong></span> <span class='ocrx_word' id='word_1_450' title='bbox 841 3672 940 3750; x_wconf 85' lang='grc' dir='ltr'>Φθορή,</span> <span class='ocrx_word' id='word_1_451' title='bbox 965 3672 982 3744; x_wconf 92' lang='grc' dir='ltr'>ή</span> <span class='ocrx_word' id='word_1_452' title='bbox 1002 3675 1156 3744; x_wconf 86' lang='lat' dir='ltr'><strong><em>Pernicies,</em></strong></span> <span class='ocrx_word' id='word_1_453' title='bbox 1178 3675 1319 3734; x_wconf 84' lang='lat' dir='ltr'><strong><em>Exitium.</em></strong></span> <span class='ocrx_word' id='word_1_454' title='bbox 1340 3679 1429 3757; x_wconf 65' lang='grc' dir='ltr'>φθορὴ</span> 
     </span>
     <span class='ocr_line' id='line_1_44' title="bbox 225 3750 1235 3831; baseline -0.003 -19"><span class='ocrx_word' id='word_1_455' title='bbox 225 3757 316 3831; x_wconf 78' lang='grc' dir='ltr'>Φθεὶρ,</span> <span class='ocrx_word' id='word_1_456' title='bbox 331 3751 387 3829; x_wconf 87' lang='grc' dir='ltr'>ρός,</span> <span class='ocrx_word' id='word_1_457' title='bbox 401 3751 426 3820; x_wconf 85' lang='grc' dir='ltr'>ό,</span> <span class='ocrx_word' id='word_1_458' title='bbox 443 3753 604 3811; x_wconf 84' lang='lat' dir='ltr'><strong><em>Pediculus.</em></strong></span> <span class='ocrx_word' id='word_1_459' title='bbox 618 3750 681 3817; x_wconf 80' lang='grc' dir='ltr'>τοός</span> <span class='ocrx_word' id='word_1_460' title='bbox 693 3756 807 3830; x_wconf 82' lang='grc' dir='ltr'>φθεῖρας</span> <span class='ocrx_word' id='word_1_461' title='bbox 860 3778 901 3819; x_wconf 92' lang='grc' dir='ltr'><strong><em>τις</em></strong></span> <span class='ocrx_word' id='word_1_462' title='bbox 915 3752 1059 3824; x_wconf 80' lang='grc' dir='ltr'>θεήλατος,</span> <span class='ocrx_word' id='word_1_463' title='bbox 1073 3756 1122 3812; x_wconf 85' lang='lat' dir='ltr'><strong><em>vii.</em></strong></span> <span class='ocrx_word' id='word_1_464' title='bbox 1141 3759 1186 3812; x_wconf 90' lang='lat'><strong><em>18.</em></strong></span> <span class='ocrx_word' id='word_1_465' title='bbox 1201 3775 1235 3811; x_wconf 87' lang='lat' dir='ltr'><strong><em>m.</em></strong></span> 
     </span>
    </p>

    <p class='ocr_par' dir='ltr' id='par_1_21' title="bbox 243 3831 1428 3911">
     <span class='ocr_line' id='line_1_45' title="bbox 243 3831 1428 3911; baseline 0.008 -18"><span class='ocrx_word' id='word_1_466' title='bbox 243 3833 331 3893; x_wconf 83' lang='grc' dir='ltr'>έπεάν</span> <span class='ocrx_word' id='word_1_467' title='bbox 341 3831 462 3906; x_wconf 80' lang='grc' dir='ltr'>λάβωσι,</span> <span class='ocrx_word' id='word_1_468' title='bbox 477 3834 516 3891; x_wconf 86' lang='lat' dir='ltr'><strong><em>iv.</em></strong></span> <span class='ocrx_word' id='word_1_469' title='bbox 532 3838 596 3891; x_wconf 88' lang='lat'><strong><em>168.</em></strong></span> <span class='ocrx_word' id='word_1_470' title='bbox 610 3854 636 3889; x_wconf 87' lang='lat' dir='ltr'><strong><em>m</em></strong></span> <span class='ocrx_word' id='word_1_471' title='bbox 648 3831 730 3897; x_wconf 83' lang='grc' dir='ltr'>ὅσους</span> <span class='ocrx_word' id='word_1_472' title='bbox 738 3831 807 3891; x_wconf 85' lang='grc' dir='ltr'>έλα·</span> <span class='ocrx_word' id='word_1_473' title='bbox 841 3833 942 3905; x_wconf 84' lang='grc' dir='ltr'>Φιάλη,</span> <span class='ocrx_word' id='word_1_474' title='bbox 953 3833 980 3904; x_wconf 83' lang='grc' dir='ltr'>ἡ,</span> <span class='ocrx_word' id='word_1_475' title='bbox 992 3835 1102 3904; x_wconf 79' lang='lat' dir='ltr'><strong><em>Phiala,</em></strong></span> <span class='ocrx_word' id='word_1_476' title='bbox 1111 3835 1171 3892; x_wconf 81' lang='lat' dir='ltr'><strong><em>Vas</em></strong></span> <span class='ocrx_word' id='word_1_477' title='bbox 1181 3838 1327 3911; x_wconf 81' lang='lat' dir='ltr'><strong><em>potorium</em></strong></span> <span class='ocrx_word' id='word_1_478' title='bbox 1333 3843 1428 3902; x_wconf 79' lang='lat' dir='ltr'><strong><em>multo</em></strong></span> 
     </span>
    </p>

    <p class='ocr_par' dir='ltr' id='par_1_22' title="bbox 224 3913 1427 4078">
     <span class='ocr_line' id='line_1_46' title="bbox 244 3913 1427 3997; baseline 0.007 -25"><span class='ocrx_word' id='word_1_479' title='bbox 244 3914 299 3986; x_wconf 87' lang='grc' dir='ltr'>βον</span> <span class='ocrx_word' id='word_1_480' title='bbox 312 3919 368 3971; x_wconf 81' lang='grc' dir='ltr'><strong><em>τῶν</em></strong></span> <span class='ocrx_word' id='word_1_481' title='bbox 381 3918 507 3991; x_wconf 83' lang='grc' dir='ltr'>φθειρῶν,</span> <span class='ocrx_word' id='word_1_482' title='bbox 527 3913 580 3971; x_wconf 87' lang='lat' dir='ltr'><strong><em>Vit.</em></strong></span> <span class='ocrx_word' id='word_1_483' title='bbox 596 3913 679 3970; x_wconf 88' lang='lat' dir='ltr'><strong><em>Hom.</em></strong></span> <span class='ocrx_word' id='word_1_484' title='bbox 696 3919 744 3971; x_wconf 88' lang='lat'><strong><em>35.</em></strong></span> <span class='ocrx_word' id='word_1_485' title='bbox 753 3917 783 3988; x_wconf 89' lang='lat' dir='ltr'><strong><em>f.</em></strong></span> <span class='ocrx_word' id='word_1_486' title='bbox 860 3917 995 3992; x_wconf 86' lang='lat' dir='ltr'><strong><em>majorem</em></strong></span> <span class='ocrx_word' id='word_1_487' title='bbox 1016 3915 1233 3991; x_wconf 85' lang='lat' dir='ltr'><strong><em>amplitudinem</em></strong></span> <span class='ocrx_word' id='word_1_488' title='bbox 1254 3938 1344 3993; x_wconf 87' lang='lat' dir='ltr'><strong><em>quam</em></strong></span> <span class='ocrx_word' id='word_1_489' title='bbox 1358 3941 1427 3997; x_wconf 84' lang='lat' dir='ltr'><strong><em>pro-</em></strong></span> 
     </span>
     <span class='ocr_line' id='line_1_47' title="bbox 224 3993 1426 4078; baseline 0.007 -28"><span class='ocrx_word' id='word_1_490' title='bbox 224 3997 422 4071; x_wconf 83' lang='grc' dir='ltr'>Φθειρίζεσθαι,</span> <span class='ocrx_word' id='word_1_491' title='bbox 447 3995 598 4054; x_wconf 88' lang='lat' dir='ltr'><strong><em>Pediculos</em></strong></span> <span class='ocrx_word' id='word_1_492' title='bbox 617 3995 723 4062; x_wconf 82' lang='lat' dir='ltr'><strong><em>venari,</em></strong></span> <span class='ocrx_word' id='word_1_493' title='bbox 748 3993 803 4051; x_wconf 87' lang='lat' dir='ltr'><strong><em>Vit.</em></strong></span> <span class='ocrx_word' id='word_1_494' title='bbox 859 3996 1030 4052; x_wconf 81' lang='lat' dir='ltr'><strong><em>funditatem</em></strong></span> <span class='ocrx_word' id='word_1_495' title='bbox 1043 3995 1159 4065; x_wconf 88' lang='lat' dir='ltr'><strong><em>habens,</em></strong></span> <span class='ocrx_word' id='word_1_496' title='bbox 1174 3997 1238 4054; x_wconf 82' lang='lat' dir='ltr'><strong><em>oide</em></strong></span> <span class='ocrx_word' id='word_1_497' title='bbox 1253 3999 1294 4054; x_wconf 87' lang='lat' dir='ltr'><strong><em>iii.</em></strong></span> <span class='ocrx_word' id='word_1_498' title='bbox 1319 4005 1390 4060; x_wconf 84' lang='lat'><strong><em>130.</em></strong></span> <span class='ocrx_word' id='word_1_499' title='bbox 1395 4007 1426 4078; x_wconf 86' lang='lat' dir='ltr'><strong><em>f.</em></strong></span> 
     </span>
    </p>

    <p class='ocr_par' dir='ltr' id='par_1_23' title="bbox 224 4073 1426 4245">
     <span class='ocr_line' id='line_1_48' title="bbox 245 4073 1426 4155; baseline 0.008 -25"><span class='ocrx_word' id='word_1_500' title='bbox 245 4073 329 4130; x_wconf 85' lang='lat' dir='ltr'><strong><em>Hom.</em></strong></span> <span class='ocrx_word' id='word_1_501' title='bbox 345 4079 393 4131; x_wconf 85' lang='grc'><strong>35.</strong></span> <span class='ocrx_word' id='word_1_502' title='bbox 403 4078 432 4149; x_wconf 90' lang='lat' dir='ltr'><strong><em>s.</em></strong></span> <span class='ocrx_word' id='word_1_503' title='bbox 859 4073 902 4131; x_wconf 92' lang='lat' dir='ltr'><strong><em>N.</em></strong></span> <span class='ocrx_word' id='word_1_504' title='bbox 918 4076 965 4132; x_wconf 89' lang='lat' dir='ltr'><strong><em>ubi</em></strong></span> <span class='ocrx_word' id='word_1_505' title='bbox 978 4076 1049 4133; x_wconf 82' lang='lat' dir='ltr'><strong><em>idem</em></strong></span> <span class='ocrx_word' id='word_1_506' title='bbox 1064 4076 1122 4134; x_wconf 82' lang='lat' dir='ltr'><strong><em>Vas</em></strong></span> <span class='ocrx_word' id='word_1_507' title='bbox 1144 4077 1220 4133; x_wconf 87' lang='lat' dir='ltr'><strong><em>modo</em></strong></span> <span class='ocrx_word' id='word_1_508' title='bbox 1238 4076 1328 4155; x_wconf 80' lang='grc' dir='ltr'>φιάλη</span> <span class='ocrx_word' id='word_1_509' title='bbox 1348 4086 1426 4142; x_wconf 84' lang='lat' dir='ltr'><strong><em>modo</em></strong></span> 
     </span>
     <span class='ocr_line' id='line_1_49' title="bbox 224 4152 1426 4245; baseline 0.008 -34"><span class='ocrx_word' id='word_1_510' title='bbox 224 4152 458 4229; x_wconf 83' lang='grc' dir='ltr'>Φθειροτραγέειν,</span> <span class='ocrx_word' id='word_1_511' title='bbox 483 4155 626 4212; x_wconf 85' lang='lat' dir='ltr'><strong><em>Pedieuiis</em></strong></span> <span class='ocrx_word' id='word_1_512' title='bbox 653 4155 737 4224; x_wconf 84' lang='lat' dir='ltr'><strong><em>vesci,</em></strong></span> <span class='ocrx_word' id='word_1_513' title='bbox 764 4154 802 4212; x_wconf 78' lang='lat' dir='ltr'><strong><em>ir.</em></strong></span> <span class='ocrx_word' id='word_1_514' title='bbox 859 4153 927 4224; x_wconf 76' lang='lat' dir='ltr'><strong><em>brien</em></strong></span> <span class='ocrx_word' id='word_1_515' title='bbox 941 4165 1075 4213; x_wconf 84' lang='lat' dir='ltr'><strong><em>uocatur:</em></strong></span> <span class='ocrx_word' id='word_1_516' title='bbox 1106 4153 1211 4234; x_wconf 78' lang='grc' dir='ltr'>φιάλας</span> <span class='ocrx_word' id='word_1_517' title='bbox 1224 4157 1351 4234; x_wconf 81' lang='grc' dir='ltr'>χρυσέας</span> <span class='ocrx_word' id='word_1_518' title='bbox 1364 4168 1426 4245; x_wconf 78' lang='grc' dir='ltr'>τῇσι</span> 
     </span>
    </p>

    <p class='ocr_par' dir='ltr' id='par_1_24' title="bbox 245 4231 1426 4311">
     <span class='ocr_line' id='line_1_50' title="bbox 245 4231 1426 4311; baseline 0.008 -19"><span class='ocrx_word' id='word_1_519' title='bbox 245 4237 313 4292; x_wconf 85' lang='grc'><strong>109.</strong></span> <span class='ocrx_word' id='word_1_520' title='bbox 328 4252 357 4288; x_wconf 85' lang='grc' dir='ltr'><strong><em>α.</em></strong></span> <span class='ocrx_word' id='word_1_521' title='bbox 378 4231 420 4289; x_wconf 91' lang='grc' dir='ltr'><strong>Ν.</strong></span> <span class='ocrx_word' id='word_1_522' title='bbox 442 4234 490 4290; x_wconf 90' lang='lat' dir='ltr'><strong><em>ubi</em></strong></span> <span class='ocrx_word' id='word_1_523' title='bbox 510 4235 635 4292; x_wconf 83' lang='lat' dir='ltr'><strong><em>nonnulii</em></strong></span> <span class='ocrx_word' id='word_1_524' title='bbox 647 4236 803 4311; x_wconf 88' lang='grc' dir='ltr'>φθειροτρω·</span> <span class='ocrx_word' id='word_1_525' title='bbox 857 4234 982 4294; x_wconf 77' lang='grc' dir='ltr'>ἐώθεσαν</span> <span class='ocrx_word' id='word_1_526' title='bbox 996 4234 1135 4309; x_wconf 84' lang='grc' dir='ltr'>σπένδειν,</span> <span class='ocrx_word' id='word_1_527' title='bbox 1157 4237 1187 4293; x_wconf 89' lang='lat' dir='ltr'><strong><em>ii.</em></strong></span> <span class='ocrx_word' id='word_1_528' title='bbox 1204 4242 1272 4296; x_wconf 88' lang='grc'><strong>151.</strong></span> <span class='ocrx_word' id='word_1_529' title='bbox 1287 4260 1315 4296; x_wconf 89' lang='grc' dir='ltr'><strong><em>α.</em></strong></span> <span class='ocrx_word' id='word_1_530' title='bbox 1334 4242 1426 4303; x_wconf 80' lang='lat' dir='ltr'><strong><em>Sicci</em></strong></span> 
     </span>
    </p>

    <p class='ocr_par' dir='ltr' id='par_1_25' title="bbox 222 4311 1424 4560">
     <span class='ocr_line' id='line_1_51' title="bbox 243 4311 1424 4399; baseline 0.009 -28"><span class='ocrx_word' id='word_1_531' title='bbox 243 4311 338 4387; x_wconf 82' lang='grc' dir='ltr'>γέουσι</span> <span class='ocrx_word' id='word_1_532' title='bbox 348 4329 403 4387; x_wconf 92' lang='lat' dir='ltr'><strong><em>pro</em></strong></span> <span class='ocrx_word' id='word_1_533' title='bbox 416 4313 590 4388; x_wconf 79' lang='grc' dir='ltr'>φθειροτράγ.</span> <span class='ocrx_word' id='word_1_534' title='bbox 858 4317 980 4385; x_wconf 89' lang='lat' dir='ltr'><strong><em>Xerxes,</em></strong></span> <span class='ocrx_word' id='word_1_535' title='bbox 995 4317 1042 4373; x_wconf 87' lang='lat' dir='ltr'><strong><em>vii.</em></strong></span> <span class='ocrx_word' id='word_1_536' title='bbox 1058 4321 1107 4374; x_wconf 87' lang='grc'><strong>54.</strong></span> <span class='ocrx_word' id='word_1_537' title='bbox 1127 4338 1155 4374; x_wconf 86' lang='grc' dir='ltr'><strong><em>α.</em></strong></span> <span class='ocrx_word' id='word_1_538' title='bbox 1174 4318 1314 4378; x_wconf 86' lang='lat' dir='ltr'><strong><em>Hercules</em></strong></span> <span class='ocrx_word' id='word_1_539' title='bbox 1329 4333 1424 4399; x_wconf 75' lang='lat' dir='ltr'><strong><em>gesta-</em></strong></span> 
     </span>
     <span class='ocr_line' id='line_1_52' title="bbox 222 4393 1424 4483; baseline 0.009 -33"><span class='ocrx_word' id='word_1_540' title='bbox 222 4397 345 4461; x_wconf 80' lang='grc' dir='ltr'>Φθίνειν,</span> <span class='ocrx_word' id='word_1_541' title='bbox 358 4396 454 4469; x_wconf 82' lang='lat' dir='ltr'><strong><em>formo</em></strong></span> <span class='ocrx_word' id='word_1_542' title='bbox 476 4393 589 4462; x_wconf 82' lang='lat' dir='ltr'><strong><em>Action,</em></strong></span> <span class='ocrx_word' id='word_1_543' title='bbox 608 4398 716 4452; x_wconf 84' lang='lat' dir='ltr'><strong><em>notione</em></strong></span> <span class='ocrx_word' id='word_1_544' title='bbox 737 4414 802 4453; x_wconf 85' lang='lat' dir='ltr'><strong><em>uero</em></strong></span> <span class='ocrx_word' id='word_1_545' title='bbox 856 4393 1424 4483; x_wconf 71' lang='grc' dir='ltr'>δαίζωστήραέχοντα“έπ’άκρηςτῆςσομ-</span> 
     </span>
     <span class='ocr_line' id='line_1_53' title="bbox 242 4471 1424 4560; baseline 0.013 -31"><span class='ocrx_word' id='word_1_546' title='bbox 242 4474 363 4532; x_wconf 84' lang='lat' dir='ltr'><strong><em>Pession</em></strong></span> <span class='ocrx_word' id='word_1_547' title='bbox 377 4474 422 4530; x_wconf 88' lang='lat' dir='ltr'><strong><em>oei</em></strong></span> <span class='ocrx_word' id='word_1_548' title='bbox 434 4471 578 4542; x_wconf 85' lang='lat' dir='ltr'><strong><em>Neutrcii,</em></strong></span> <span class='ocrx_word' id='word_1_549' title='bbox 592 4475 799 4550; x_wconf 83' lang='lat' dir='ltr'><strong><em>Languescerc,</em></strong></span> <span class='ocrx_word' id='word_1_550' title='bbox 855 4474 945 4549; x_wconf 85' lang='grc' dir='ltr'>βολῆς</span> <span class='ocrx_word' id='word_1_551' title='bbox 955 4475 1061 4556; x_wconf 86' lang='grc' dir='ltr'>φιάλην</span> <span class='ocrx_word' id='word_1_552' title='bbox 1069 4476 1200 4554; x_wconf 88' lang='grc' dir='ltr'>χρυσέην,</span> <span class='ocrx_word' id='word_1_553' title='bbox 1211 4480 1248 4538; x_wconf 90' lang='lat' dir='ltr'><strong><em>iv.</em></strong></span> <span class='ocrx_word' id='word_1_554' title='bbox 1261 4485 1307 4540; x_wconf 91' lang='grc'><strong><em>10.</em></strong></span> <span class='ocrx_word' id='word_1_555' title='bbox 1320 4504 1349 4540; x_wconf 89' lang='grc' dir='ltr'><strong><em>ο.</em></strong></span> <span class='ocrx_word' id='word_1_556' title='bbox 1358 4487 1424 4560; x_wconf 84' lang='grc' dir='ltr'>φιά-</span> 
     </span>
    </p>
   </div>
   <div class='ocr_carea' id='block_1_15' title="bbox 0 0 1530 5040">
    <p class='ocr_par' dir='ltr' id='par_1_26' title="bbox 0 0 1530 5040">
     <span class='ocr_line' id='line_1_54' title="bbox 0 0 1530 5040; baseline 0 1"><span class='ocrx_word' id='word_1_557' title='bbox 0 0 1530 5040; x_wconf 95' lang='lat' dir='ltr'><strong><em> </em></strong></span> 
     </span>
    </p>
   </div>
  </div>
 </body>
</html>
