3174 5040
391 261 482 313 EPX

142 383 305 462 Ἐμχεσθαη
317 385 493 458 Venire,lre.
501 381 569 457 ἦλθε
577 385 671 452 αὐτοῖς
679 385 733 462 α’γ-

168 469 260 538 γελίη,
272 468 292 524 i.
309 471 356 524 88.
371 468 411 524 ix.
431 473 474 524 14.
490 487 517 525 c.
534 477 560 524 ct
575 473 620 526 15.
633 487 660 525 o.
674 487 733 524 cum

173 545 238 604 Vor.
247 545 325 604 Lect.
333 557 359 604 et
367 546 437 605 Not.
447 546 476 613 ἐς
486 545 602 612 ἀσθενές
612 543 731 625 ἔρχεται,

166 627 185 683 i.
202 631 270 684 120.
286 647 320 683 m.
335 626 416 698 (cide
429 647 516 704 supro
527 632 556 685 ιἰι
570 627 731 706 Ἀσθενής.)

165 709 261 764 ἐλθεῖν
282 731 336 765 τινι
355 708 384 773 ἐς
398 705 475 782 ὅφιν,
490 709 527 766 In
547 719 731 785 conspectum

165 788 284 864 alicujus
308 790 415 857 venire,
440 790 480 846 iii.
510 794 559 847 42.
584 809 611 847 α.
637 788 731 847 ἐλθεῖν

166 891 219 924 τινι
233 868 263 933 ἐς
276 865 384 945 μάχην,
399 867 447 926 Ad
459 889 561 927 mantis
574 871 681 939 venire,
694 871 731 928 In

165 949 269 1006 Aciem
289 969 355 1006 oum
373 951 469 1025 aliquo
483 951 664 1020 descendere,
678 952 728 1009 vii.

166 1033 194 1098 9,
204 1035 233 1086 3.
247 1027 296 1086 ουίε
308 1025 397 1099 ἦλθον
410 1029 439 1094 ἐς
449 1027 545 1088 τούτου
556 1028 646 1104 λόγον
659 1028 729 1089 ὥστε

165 1119 215 1165 etc.
244 1110 311 1167 Non
329 1129 364 1167 eo
381 1113 523 1187 progressi
542 1120 609 1168 sunt
629 1120 663 1168 ut
677 1121 728 1169 etc.

165 1189 212 1246 vii.
228 1195 258 1258 9,
274 1195 303 1247 2.
320 1193 349 1265 s.
385 1189 661 1257 detestationis
680 1190 729 1249 λό-

165 1291 242 1342 γους,
254 1271 289 1327 ln
303 1271 476 1347 colloquium
490 1291 556 1330 cum
569 1273 665 1348 aliquo
679 1292 729 1330 ve·

164 1351 235 1418 nire,
250 1351 270 1407 i.
292 1355 339 1408 86.
357 1371 392 1408 m.
413 1353 451 1410 iv.
477 1355 543 1410 126.
560 1356 590 1428 s.
612 1350 658 1410 ut
673 1351 728 1429 μα’-

164 1452 218 1505 χης
232 1429 337 1500 ἐλθεῖν,
353 1431 458 1489 Praelio
467 1433 630 1502 decernere,
645 1435 683 1492 vi.
699 1437 728 1492 9.

153 1513 189 1584 'f-
206 1513 280 1586 conf.
296 1510 366 1569 Not.
383 1513 494 1570 cdviii.
511 1515 560 1576 77.
569 1516 600 1588 s.

205 1590 238 1668 2)
251 1589 384 1668 ἔρχεσθαι
398 1591 475 1668 παρά
487 1615 550 1651 τινα
559 1595 669 1652 honeste
683 1594 728 1650 di-

164 1673 237 1728 citur
259 1673 294 1729 dc
316 1674 479 1748 Congressu
499 1693 631 1731 venereo.
651 1671 728 1750 πορθ

164 1754 210 1807 τοῦ
218 1755 336 1810 σεωυτοῦ
344 1753 432 1818 ξείνου
441 1754 492 1822 τήν
503 1762 625 1827 γυναῖκα
634 1748 726 1824 ἦλθες,

167 1833 197 1888 ii.
215 1837 281 1890 115.
297 1852 331 1890 m.
347 1833 395 1890 obi
410 1834 474 1890 aide
492 1833 561 1892 Not.
589 1834 638 1891 Sic
653 1835 727 1892 etde

155 1913 297 1970 muliere:
321 1911 457 1970 κυέουσαν
476 1912 506 1970 ἐκ
528 1917 576 1972 τοῦ
595 1913 726 1991 προτέρου

164 1989 263 2068 α’νθρθς
276 1991 348 2051 οὕτω
366 1993 460 2051 ἐλθεῖν
472 1992 549 2070 παριῖ
561 1993 725 2070 Ἀρίστωνα,

164 2073 202 2129 vi.
219 2077 266 2130 68.
282 2093 318 2130 m.
335 2083 362 2131 ct
381 2093 443 2130 mon
456 2075 526 2132 ibid.
545 2079 616 2152 φασί
636 2097 666 2133 σε
680 2072 726 2132 ε’λ-

163 2153 222 2210 dciv
235 2151 313 2230 παροῖ
326 2153 376 2211 τόν
388 2151 554 2232 ὀνοφορβόν.

203 2231 237 2310 3>
249 2231 380 2311 ἔρχεσθαι
399 2253 459 2292 com
473 2236 607 2293 Accusat.
623 2236 726 2312 cisque

160 2317 369 2390 praepositicne,
385 2316 456 2372 idem
475 2315 549 2372 volet
567 2335 601 2372 αο
619 2313 725 2392 διέρχε-

153 2398 238 2463 Ισθοι,
254 2393 397 2453 Transire.
412 2393 427 2452 ό
446 2397 527 2464 ἥλιος
545 2392 655 2472 Ιἔρχεται
677 2401 726 2466 τῆς

163 2471 271 2546 Λιβύης
284 2473 320 2532 τό
333 2473 401 2545 ἅνω,
416 2477 447 2532 ii.
462 2481 511 2532 24.
526 2497 559 2533 m.
589 2475 726 2534 Similiter

164 2553 211 2611 loir
229 2553 261 2613 τό
278 2553 366 2632 μέσον
381 2560 430 2613 τοῦ
447 2554 574 2632 οὐρανοῦ,
589 2557 617 2612 ii.
633 2562 683 2614 25.
698 2577 725 2614 a.

163 2637 209 2692 cdi
222 2633 274 2692 inlr
287 2638 359 2693 idem
377 2637 451 2694 uolet
470 2657 504 2693 oc
525 2634 639 2707 διεξιόν,
654 2639 728 2714 qood

163 2715 262 2773 ibidem
272 2717 359 2792 poulo
374 2727 438 2774 onte
452 2717 563 2793 θεμένων.

203 2795 238 2871 4)
259 2795 377 2874 ἔρχομαι
394 2796 487 2874 ε’ρέων,
502 2798 664 2874 Adgredior
682 2798 725 2855 di·

164 2896 237 2948 cere,
253 2879 365 2947 Dicam,
380 2880 399 2935 i.
415 2884 445 2935 5.
460 2897 495 2936 m.
511 2879 541 2936 ii.
561 2883 610 2935 40.
624 2897 652 2935 o.
668 2881 724 2936 ¹99.

162 2977 190 3013 α.
204 2959 248 3016 iii.
264 2963 313 3016 80.
329 2961 360 3032 s.
387 2958 436 3015 Sto
453 2955 570 3036 ’έρχομαι
584 2955 681 3028 λέξων,
693 2959 725 3015 ii.

165 3042 210 3094 11.
222 3059 257 3096 m.
275 3039 322 3096 vii.
339 3044 405 3095 102.
421 3059 447 3095 α.
462 3059 497 3096 m.
510 3037 663 3115 (Similiter
676 3035 725 3107 ἤϊα

162 3115 261 3188 λέξων,
280 3118 441 3194 Adgreseue
462 3139 541 3177 eram
562 3121 665 3189 dicere,
687 3120 725 3175 iv.

155 3203 210 3256 282.
219 3197 266 3274 f.)
279 3195 395 3276 ἔρχομαι
409 3196 530 3276 φράσων,
541 3200 583 3256 iii.
599 3203 627 3256 6.
642 3219 669 3256 α.
685 3199 724 3256 vi.

156 3283 229 3336 η109.
243 3299 270 3336 α.
283 3277 399 3357 ἔρχομαι
413 3277 570 3356 σημανέων,
585 3281 621 3337 iv.
637 3283 686 3338 99.
699 3298 725 3335 α.

157 3355 277 3437 ἔρχομαι
291 3363 351 3436 περὶ
365 3359 508 3434 Αἰγύπτου
521 3357 662 3438 μηκυνέων
676 3357 726 3416 τὸν

163 3439 263 3514 λόγον,
277 3441 309 3497 il.
327 3445 376 3498 35·
391 3459 418 3498 a.

138 3515 236 3593 Ἔρως,
252 3543 329 3588 ωτος,
343 3518 368 3590 ὁ,
390 3521 509 3596 Cupido,
530 3521 723 3579 Desidet-ium.

161 3597 248 3676 ’έρωτα
271 3599 350 3678 excit
368 3605 417 3670 τῆς
433 3597 571 3671 Ἑλλάδος
591 3598 734 3678 τύραννος·

162 3677 306 3754 γενέσθαι,
322 3701 349 3739 v.
366 3687 414 3740 32.
424 3684 454 3757 f.

143 3757 287 3838 [Ἐρωτᾷν,
303 3764 367 3819 vide
380 3757 550 3838 Εἵρωτέειν.]

143 3839 196 3911 Ἐς,
207 3845 378 3919 proepositio
396 3861 494 3920 repens
507 3842 724 3909 Accosoticum;

162 3922 258 3981 lonico
274 3925 381 3998 formo,
397 3941 452 3999 quc
465 3931 623 3980 constanter
637 3926 730 3979 utitor

1039 265 1090 316 ΕΣ

789 389 883 456 tiones,
898 391 926 446 io
941 389 1038 466 quibus
1048 387 1077 454 ἐς
1087 409 1142 466 pro
1155 385 1196 459 ε’ν,
1208 397 1351 468 praeposi·

789 470 861 525 tione
875 470 911 526 In
925 471 986 528 loco
1001 473 1182 548 sipnificonte,
1193 476 1286 548 posito
1308 477 1351 530 αι’-

788 549 852 606 dcri
871 560 1002 624 poterat:
1025 571 1076 628 qao
1101 552 1136 608 de
1156 571 1266 628 perere,
1287 562 1352 629 post

787 625 946 687 Hemsterlt.
965 632 1004 688 cd
1024 631 1168 708 Aristoplt.
1188 631 1301 689 Plutum
1315 653 1349 708 p.

788 713 856 767 456.
869 720 1016 787 perspecte
1033 711 1181 770 Scholaios
1196 714 1235 770 od
1252 711 1349 769 Hero·

787 790 842 847 dot.
865 791 924 848 viii.
946 795 993 861 60,
1017 793 1042 848 1.
1066 801 1092 848 et
1112 795 1161 854 71.
1180 811 1215 850 m.
1241 796 1351 850 monuit.

789 870 870 945 Coos.
887 891 952 947 qoae
972 891 1020 928 nos
1038 873 1077 928 acl
1097 873 1155 929 viii.
1176 877 1226 941 00,
1250 877 1276 930 1.
1297 875 1350 932 od·

785 953 955 1026 scripsimus,
970 950 1016 1008 ubi
1028 949 1058 1016 ἐς
1071 951 1095 1020 ὂ,
1111 953 1184 1028 quod
1202 955 1262 1010 rice
1278 951 1310 1010 έν
1327 949 1352 1031 η]

786 1031 1350 1110 rovpcxatrpositcmWesselinpiusjudi-

784 1115 866 1180 cavit,
881 1113 976 1169 colere
989 1113 1110 1169 diximus
1120 1110 1149 1177 ές
1162 1110 1178 1170 ὃ
1192 1111 1265 1170 ἱέναι
1280 1135 1348 1170 ναυ-

783 1189 976 1267 μαχήσοντας,
1000 1194 1066 1254 Quo
1084 1212 1137 1250 nos
1161 1194 1289 1270 conferre
1314 1197 1350 1252 ad

783 1273 915 1347 praelium
937 1273 978 1329 ibi
1000 1273 1178 1342 faciendum
1215 1275 1266 1330 scd
1281 1277 1349 1349 for-

784 1361 857 1410 tasse
865 1353 991 1429 formula
1005 1353 1034 1418 ἐς
1047 1353 1130 1410 dolio
1141 1355 1249 1411 ratione
1255 1355 1350 1428 suerit

783 1431 824 1490 ibi
850 1433 1023 1509 accipiendo,
1049 1435 1083 1490 de
1112 1453 1167 1510 quo
1193 1435 1271 1508 infra
1297 1435 1347 1492 soh

783 1531 856 1570 nam.
873 1519 901 1570 5.
918 1515 1034 1572 dicetur.
1062 1513 1104 1571 At
1117 1515 1177 1571 viii.
1188 1517 1237 1576 71.
1253 1533 1288 1570 m.
1301 1513 1348 1571 odi

783 1596 824 1650 att
837 1596 957 1670 scriptor
969 1591 1171 1672 συνδραμόντες
1185 1593 1214 1651 εἰς
1227 1596 1283 1651 τῶν
1297 1617 1347 1650 πο·

783 1675 862 1742 λέων,
876 1673 905 1739 ές
918 1672 968 1732 τόν
978 1675 1078 1751 ἵσθμόν
1092 1673 1195 1745 ἵζοντο,
1205 1693 1258 1732 non
1273 1674 1344 1731 idem

782 1754 856 1810 colet
869 1753 898 1818 ἐς
907 1753 956 1813 τόν
965 1751 1066 1832 ἰσθμὸν
1074 1755 1177 1824 ἵζοντο,
1188 1775 1222 1812 oc
1231 1756 1263 1812 id
1275 1755 1349 1830 qood

781 1853 844 1890 mooe
852 1835 1008 1910 subjicitur,
1019 1832 1139 1912 ἱζόμενοι
1150 1833 1182 1892 έν
1192 1837 1228 1912 τῷ
1243 1835 1346 1912 ἵσθμῷε

781 1915 857 1970 istud
869 1917 1008 1992 sipniflcot
1027 1917 1145 1972 Sensum
1166 1915 1254 1981 ibant,
1268 1915 1344 1972 Con·

775 1995 911 2052 serebant
932 2015 962 2052 se
985 1995 1016 2051 in
1038 1994 1191 2061 Isthmum,
1213 1995 1253 2050 ibi
1277 2013 1346 2050 con-

781 2075 894 2142 sessuri,
909 2075 1061 2132 stationem
1081 2076 1122 2132 ibi
1136 2075 1247 2150 capturi
1260 2094 1267 2142 3
1294 2074 1345 2130 Ιιοο

780 2156 927 2230 εἵματ’]θοαί,
943 2157 1042 2216 Quum
1056 2155 1118 2231 jam
1130 2155 1161 2211 in
1175 2155 1287 2211 Isthmo
1298 2173 1343 2210 se-

780 2235 890 2304 derent,
920 2235 1078 2293 Stationem
1105 2243 1155 2292 aut
1182 2241 1274 2292 castra
1305 2235 1346 2292 ibi

779 2315 928 2373 haberent.
946 2315 994 2373 Sic
1003 2312 1135 2393 ἱζομένην
1149 2313 1178 2380 ἐς
1187 2312 1255 2389 ipis,
1266 2317 1347 2390 quasi

780 2395 888 2453 diceres
917 2397 1111 2454 collocantem
1139 2415 1211 2463 sese,
1242 2397 1346 2452 Confe-

779 2484 891 2533 rentem
915 2497 945 2534 se
968 2478 999 2534 in
1021 2477 1171 2552 templum,
1192 2477 1234 2533 ibi
1253 2495 1345 2534 sessu·

779 2575 840 2612 ram
859 2563 889 2613 et
908 2566 1091 2626 moraturam,
1106 2558 1128 2614 i.
1147 2561 1212 2614 199.
1227 2577 1254 2613 o.
1270 2554 1346 2622 ἵζετο

780 2633 809 2699 ἐς
822 2633 857 2692 rol
871 2635 993 2713 πρόθυρα
1006 2639 1054 2694 τοῦ
1061 2633 1210 2709 βασιλῆος,
1222 2637 1262 2693 iii.
1279 2638 1344 2692 140.

780 2735 807 2772 α.
824 2716 934 2773 Eodem
951 2719 1024 2774 ratio
1044 2727 1085 2774 est
1103 2726 1262 2774 cunctorum
1277 2719 1345 2791 fere

780 2795 900 2854 locorum
913 2797 948 2853 ob
962 2797 1038 2854 AEm.
1049 2797 1136 2854 Porto
1150 2805 1343 2873 coopestorom,

780 2877 828 2933 cdi
840 2874 870 2941 ἐς
883 2893 943 2934 ουτοι
959 2877 1061 2934 Aecus.
1083 2896 1138 2952 pro
1152 2876 1184 2934 ἐν
1206 2895 1265 2933 com
1280 2874 1344 2932 Dc-

780 2959 834 3013 tioo
852 2959 921 3034 poni
939 2957 988 3012 ille
1005 2961 1110 3013 statuit.
1131 2953 1229 3030 θρόνος
1247 2954 1277 3018 ἐς
1297 2951 1346 3010 τόν

779 3040 899 3104 κατίζων
913 3037 957 3093 cel
977 3035 1056 3104 ἵζων,
1071 3033 1146 3110 (scit.
1161 3031 1276 3108 ἑωυτόν)
1289 3032 1345 3090 stt·
1393 3061 1396 3066 ¹

779 3119 854 3186 καζε,
866 3118 886 3174 i.
905 3121 952 3174 14.
962 3136 995 3172 m.
1006 3124 1032 3172 ei
1042 3134 1069 3172 v.
1085 3120 1134 3175 25.
1150 3135 1184 3171 m.
1194 3115 1260 3190 s.ei
1274 3111 1345 3180 ἵζοιο

778 3195 808 3262 ἐς
821 3195 870 3254 τόν
883 3193 950 3271 ε’μὸν
965 3193 1073 3272 θρόνον,
1087 3195 1136 3252 vii.
1154 3199 1201 3252 15.
1209 3197 1239 3270 f.
1255 3192 1283 3258 ἐς
1297 3191 1345 3250 τὸν

780 3273 879 3353 θρόνον
892 3275 1011 3346 ἵζεσθαι,
1025 3277 1073 3334 vii.
1090 3279 1137 3332 16.
1153 3295 1180 3333 a.
1194 3273 1345 3332 aeSimt‘liter

780 3359 849 3416 dicit
862 3355 911 3416 τόν
924 3354 1013 3433 ἄνδρα
1034 3352 1141 3414 στάντα
1154 3353 1219 3432 (qui
1232 3375 1262 3414 se
1276 3373 1346 3412 oon-

780 3439 882 3508 stituit,
897 3439 942 3494 rel
955 3459 972 3496 a
985 3439 1091 3514 populo
1105 3437 1275 3495 constitutus
1289 3431 1346 3510 est)

780 3517 809 3584 ἐς
826 3516 931 3588 ταύτην
947 3516 1001 3588 τὴν
1017 3515 1119 3595 ἀρχὴν,
1134 3518 1174 3574 iii.
1198 3524 1245 3575 80.
1268 3535 1294 3573 α.
1309 3535 1345 3572 m.

779 3596 795 3655 ὁ
809 3595 862 3676 μὲν
880 3596 990 3676 (nempe
1003 3597 1018 3656 ὁ
1033 3596 1127 3674 κῆρυξ)
1142 3595 1174 3666 δὴ
1189 3595 1345 3658 ἀπόστολος

778 3677 808 3744 ‘s’c
830 3683 960 3748 Μθλητον
978 3674 1022 3749 ἦν,
1042 3680 1061 3736 i.
1083 3682 1131 3734 21.
1150 3696 1177 3732 ιι.
1197 3696 1250 3733 non
1272 3674 1347 3730 valet

781 3758 813 3816 ἒν
827 3757 945 3836 Μιλήτῳ
959 3755 1003 3829 ἧν,
1017 3759 1047 3814 in
1060 3759 1131 3814 urbe
1145 3757 1247 3814 Mileto
1261 3760 1322 3809 erat
1335 3775 1343 3821 3

780 3841 838 3906 scd,
854 3840 988 3896 Miletum
1007 3837 1110 3894 missus
1124 3843 1194 3901 erat,
1209 3835 1345 3892 Miletum

780 3921 892 3996 legatus
905 3919 1145 3996 proficiscebatur,
1160 3917 1231 3972 sicco
1250 3934 1277 3972 v.
1296 3917 1345 3970 38.

162 4001 321 4062 Herodotus
331 4023 386 4079 pro
398 4006 529 4060 cornmuni
543 4005 602 4067 Εἷς.
631 4003 727 4059 Attt-
774 4003 803 4075 s.
824 3996 907 4063 ου’τός
925 3997 953 4064 ἐς
975 3995 1170 4074 Λακεδαίμονα
1191 3985 1347 4058 ἀπόστολος

162 4083 240 4141 betur
253 4095 343 4142 cutem
354 4085 417 4142 ltaec
426 4085 594 4160 praepositio
607 4084 655 4160 ubi
667 4086 727 4160 cpi·

159 4173 236 4318 ml)
249 4246 285 4302 de
303 4242 387 4302 Motu
409 4246 446 4302 In
467 4245 513 4302 cel
535 4243 583 4301 Ad
603 4242 734 4311 Locum,··

163 4327 210 4400 qui
224 4334 264 4382 est
280 4345 347 4382 usas
364 4327 619 4402 frequentissimos,
636 4323 742 4400 quoii.

163 4405 207 4461 het
219 4409 250 4462 in
268 4409 375 4482 papiro
396 4407 499 4464 obuius.
546 4405 608 4468 Quo
628 4424 663 4462 cc
677 4423 728 4461 aso

164 4486 376 4561 interpretando
394 4496 457 4544 suot
477 4488 557 4544 etiam
576 4486 638 4543 tttae
653 4485 740 4541 loco-v

779 4079 899 4154 ἐγένετο,
928 4081 992 4154 lpse
1018 4078 1255 4135 Lacedaemonem
1282 4093 1346 4133 sus·

781 4162 857 4236 cepit
869 4160 1050 4236 legationem,
1059 4159 1203 4235 profectus
1214 4163 1267 4214 est.
1279 4177 1347 4211 τοι·

783 4240 829 4298 δία
851 4237 899 4296 δύο
915 4237 983 4297 διδοῖ
1003 4236 1113 4316 ποιμένι
1135 4235 1240 4316 τρέφειν
1262 4235 1291 4300 ἒς
1312 4230 1348 4291 τό

782 4326 897 4397 ποίμνια
911 4317 1013 4399 τροφήν
1026 4343 1090 4378 τινα
1104 4315 1220 4388 τοιήνδε,
1231 4317 1262 4374 ii.
1278 4320 1306 4370 2.
1319 4333 1346 4368 o.

782 4423 817 4460 m.
840 4403 888 4460 obi
912 4422 965 4460 non
985 4403 1086 4478 juncto
1109 4399 1226 4474 iutellipi
1250 4395 1348 4485 deberat

784 4484 868 4540 verbo
883 4481 988 4560 τρέφειν
1007 4479 1035 4545 ἐς
1054 4477 1088 4536 τό
1103 4482 1229 4554 ποίμνια,
1243 4491 1298 4549 pro
1317 4492 1349 4526 εν
