3174 5040
472 277 561 342 svn

231 407 364 483 Εὐπετής,
373 410 399 483 ό,
409 411 437 484 η’,
450 413 561 472 Facilis.
577 409 675 477 ieiunae
685 405 817 476 εὐπετίας

249 496 427 572 χειρωθῆναι,
439 495 481 551 111.
496 499 562 551 145.
571 496 601 570 Ι.
614 495 702 564 νῆσον
713 490 816 551 έοῦσαν

250 572 366 632 εὐπετέα
388 575 568 651 χειρωθῆναι,
583 574 624 631 111.
648 578 715 630 120.
734 575 762 648 Ι
785 592 814 630 v.

251 661 299 714 32.
314 674 349 712 m.
354 657 386 730 Ι
398 652 489 728 λόγον
498 651 613 712 εὐπετέα
624 655 713 712 edidit
729 651 816 710 Wess.

247 755 304 812 pro
318 732 426 802 εὐεπέα,
438 754 468 793 v.
483 740 532 792 50.
541 736 571 809 Ι.

294 815 451 892 Gompurut.
462 812 670 890 Εὐπετέστερος,
682 813 814 870 Facilior.

249 893 373 960 πολλοὺς
399 892 590 970 εὐπετέστερόν
611 893 670 952 ε’στι
693 890 816 967 διαβόλ-

251 978 313 1033 λειν
328 972 345 1044 ή
358 973 420 1044 ένα,
434 995 463 1032 v.
478 979 528 1038 97.
544 996 578 1032 m.

230 1053 392 1125 Εὐπλοέειν,
422 1056 511 1113 Felici
543 1055 724 1130 navigatione
760 1055 813 1114 uti.

248 1137 309 1194 έπεὶ
330 1133 358 1193 δέ
372 1134 504 1194 ἀπίκοντο
517 1133 733 1206 εὐπλοήσαντες,
752 1133 779 1191 V
775 1139 815 1193 tta

250 1215 335 1274 Hom.
354 1221 401 1274 18.
417 1237 445 1275 α.

228 1293 373 1374 [Εὑποροι.
402 1295 558 1373 Perpetem
582 1297 645 1354 olim
666 1293 815 1374 προσφέρε-

251 1380 318 1434 σθαι
331 1375 450 1453 εὑποροι,
460 1397 515 1453 pro
529 1375 636 1452 ἄποροι,
647 1377 687 1433 ix.
698 1381 747 1434 49.
762 1373 815 1452 m.]

229 1455 386 1534 Εὐπρεπής,
393 1458 531 1515 Decorus.
546 1457 757 1532 Compensatione
765 1476 815 1514 no-

249 1542 324 1596 tione
333 1540 450 1613 positivi
463 1559 472 1595 .·
488 1534 575 1610 λόγος
590 1536 649 1615 ἐμοὶ
658 1535 707 1593 οὐκ
720 1536 815 1613 εὐπρε-

249 1617 379 1688 πέστερος
388 1615 533 1691 λέγεσθαι,
542 1619 571 1673 11.
581 1621 630 1676 47.
641 1637 676 1675 m.
685 1620 715 1693 Ι.
729 1616 815 1674 Simi-

251 1697 316 1755 liter
328 1693 361 1754 οὑ
373 1720 420 1776 μοι
434 1694 512 1768 ήὺιόν
524 1697 583 1754 ἐστι
597 1695 703 1772 λέγειν,
717 1698 748 1754 11.
764 1701 814 1756 46.

250 1798 287 1836 m.
303 1778 350 1834 ubi
362 1779 426 1835 uide
439 1777 510 1836 Not.

230 1855 378 1934 Εὐπρηίίη,
391 1855 419 1928 ή,
432 1857 537 1935 (comm.
549 1855 696 1934 εὐπραξία)
710 1858 815 1915 Feliei-

250 1947 303 2006 tas,
319 1939 379 1996 Res
397 1941 471 1997 bene
490 1948 579 2016 gesta.
596 1937 745 2016 ὑπέπεμψε
759 1935 814 2012 ἄγ-

1100 277 1185 340 ΕῩΡ

871 411 899 468 6.
916 419 989 468 entr.
1002 407 1045 469 N.
1058 409 1169 469 Gallice
1183 411 1300 481 diceres,
1314 409 1353 468 lls
1367 425 1435 468 sau·

870 499 937 548 ront
950 500 1066 550 trouver
1085 492 1208 568 quelque
1225 491 1433 567 soulagement.

871 568 932 628 τότε
954 568 1088 650 εὑρόμεθα
1109 574 1196 640 τοὺτο,
1220 573 1260 630 ix.
1283 575 1330 628 26.
1353 591 1380 628 α.
1403 571 1435 629 έκ

869 649 967 710 τοὺτου
980 656 1027 710 τοὺ
1040 650 1124 729 ἔργου
1137 649 1273 729 εὑρόμεθα
1287 649 1370 728 γέρεα
1383 673 1436 728 με·

870 729 960 806 γιίλα,
974 734 1017 790 ix.
1033 738 1081 791 26.
1095 753 1130 790 m.
1158 731 1207 789 Sic
1221 729 1394 809 εὑρίσκεσθαί
1407 754 1435 790 τι

869 810 946 890 παρό
969 835 1053 882 τινος,
1078 813 1237 890 Impetrare
1262 813 1370 888 aliquid
1396 815 1434 870 ab

870 894 975 970 aliquo.
1010 893 1122 970 εὑροντα
1154 892 1232 970 napa*
1264 897 1435 950 Παυσανίεω

870 971 986 1036 έστόναι
1007 972 1082 1050 παρό
1104 971 1256 1052 σφι-τούς
1277 971 1434 1050 παρεόντας

869 1059 1047 1130 τριηκοσίους,
1062 1056 1102 1112 ix.
1116 1059 1165 1111 28.
1180 1075 1215 1112 m.

910 1133 943 1210 8)
965 1134 1058 1193 Simili
1076 1137 1184 1192 ratione
1203 1137 1284 1192 etiam
1302 1133 1434 1191 Actiuum

870 1212 1015 1292 Εὐρίσκειν
1027 1215 1142 1276 subinde
1160 1216 1299 1293 sipnijiem
1319 1215 1434 1283 Parare,

870 1315 923 1352 non
942 1306 997 1354 tem
1012 1297 1076 1366 sibi,
1091 1315 1171 1374 quum
1183 1295 1246 1352 aliis
1259 1315 1267 1364 3
1290 1294 1435 1371 Suppedi-

870 1384 940 1434 tare.
958 1375 1007 1433 Sic
1021 1373 1136 1452 εὑροῦσα
1150 1372 1258 1432 πολλύν
1271 1379 1397 1452 χρυσίον,
1412 1376 1433 1434 1.

872 1459 938 1514 196.
954 1477 979 1513 ο.
1000 1476 1053 1513 non
1074 1465 1123 1524 est,
1138 1457 1213 1518 Quae
1233 1458 1356 1513 multum
1371 1457 1435 1512 auri

871 1537 931 1593 Sibi
945 1538 1064 1612 paravit,
1081 1537 1206 1594 Lucrata
1219 1545 1281 1605 est3
1304 1556 1366 1593 num
1380 1555 1434 1593 ou·

869 1636 931 1674 rum
944 1617 1018 1674 iilud
1030 1617 1115 1674 ulium
1129 1621 1159 1674 in
1172 1636 1250 1677 usum
1264 1616 1433 1688 vertebatur,

871 1701 919 1773 qui
931 1698 1001 1755 ibid.
1014 1698 1101 1772 ρααία
1111 1707 1177 1773 post
1190 1701 1357 1774 exponitur:
1372 1697 1432 1766 sed,

871 1779 946 1839 Quae
959 1779 1050 1835 multo
1062 1797 1132 1835 auro
1146 1778 1331 1845 vendebatur,
1344 1778 1434 1854 Cujus

869 1859 996 1916 venditio
1010 1859 1204 1916 multumauri
1215 1859 1432 1934 suppeditabat,
1528 1855 1533 1862 ’

871 1939 1026 2008 inferebat,
1042 1939 1131 2016 Cujus
1146 1957 1162 1995 e
1179 1939 1342 1996 venditione
1358 1938 1433 1994 mul-

223 2049 225 2055 ·
250 2021 341 2093 γελον
368 2016 547 2094 ἀγγελέοντα
579 2017 630 2089 τήν
656 2016 816 2096 παρεοῦσάν
870 2026 932 2075 tum
959 2020 1021 2076 auri
1048 2020 1167 2076 redibat.
1197 2018 1333 2076 Similiter
1356 2019 1434 2092 opud

251 2112 299 2177 σφι
312 2099 469 2176 εὐπρηξίην,
484 2102 542 2158 viii.
559 2105 609 2157 54.
625 2121 654 2157 ο.
869 2097 1026 2176 Polybium,
1042 2099 1112 2156 libro
1125 2099 1206 2156 xxxi.
1219 2100 1247 2168 7,
1266 2104 1312 2158 12.
1328 2108 1433 2156 nostro:

229 2177 426 2254 Εὐπρόσωπος,
448 2182 609 2256 Speciosus.
633 2178 815 2256 ὑπεκρίναντο
870 2179 1007 2248 editionis,
1024 2184 1073 2237 τοῦ
1095 2177 1256 2256 ε’λλιμενίου
1279 2175 1348 2238 κατύ
1370 2177 1433 2243 τούς

248 2258 302 2333 μὲν
315 2258 384 2316 οὑτω
398 2257 573 2335 εὐπρόσωπα,
587 2261 637 2317 vii.
653 2264 720 2318 168.
735 2280 762 2317 α.
771 2259 814 2316 Ν.
869 2257 1006 2335 ἀνώτερον
1019 2257 1138 2337 χρόνους
1149 2257 1319 2335 εὑρίσκοντος
1333 2256 1433 2316 έκατύν

223 2336 355 2416 -Εὑρημα,
370 2336 410 2409 τό,
428 2337 460 2415 l)
474 2341 534 2397 Res
547 2349 668 2414 reperta,
684 2359 814 2416 praeser·
866 2338 1001 2416 μυριάδας
1021 2339 1163 2417 δραχμῶν,
1188 2341 1286 2401 Quum
1305 2359 1343 2400 ex
1364 2359 1433 2415 por·

247 2421 295 2475 tim
308 2421 455 2494 inopinato
464 2427 586 2496 reperta.
595 2416 729 2496 ciprinum
738 2417 815 2496 μέγα
868 2421 948 2477 toriis
962 2421 1112 2478 rediissent
1127 2421 1196 2478 olim
1212 2429 1329 2480 centum
1342 2421 1433 2496 myri·
1469 2425 1472 2430 ‘

249 2495 508 2572 πλούσιοςέγένετο,
515 2500 561 2556 vii.
573 2503 640 2556 190.
641 2503 671 2577 f.
680 2497 713 2573 2)
724 2499 813 2562 Ques·
868 2500 935 2558 ades
949 2501 1155 2559 drachmarum.

247 2577 319 2636 libet
337 2579 482 2655 insperata
500 2580 627 2648 felicitas,
644 2581 814 2656 lnopinatus
848 2577 990 2656 Εὐρύνειν,
1002 2582 1256 2650 Dilatare,Letum
1268 2582 1371 2642 facere.
1387 2579 1432 2639 εὑ-

247 2677 395 2716 successus
427 2655 498 2736 perd
531 2663 610 2717 τούτο
636 2659 668 2718 τύ
698 2658 812 2738 εὑρημα,
866 2659 962 2736 ρὺνειν
982 2659 1013 2720 τό
1034 2659 1130 2739 μέσον,
1153 2661 1260 2719 Latum
1282 2662 1313 2719 in
1335 2663 1432 2722 modio

244 2749 392 2815 postquam
413 2742 558 2797 victoriam
576 2750 602 2798 et
625 2760 737 2817 repnum
761 2743 813 2798 nd-
868 2743 993 2816 spatium
1006 2743 1177 2818 relinquere,
1192 2743 1230 2800 iv.
1247 2747 1296 2800 52.
1304 2745 1334 2817 Ι.

250 2829 330 2896 optus
346 2829 395 2890 est,
410 2819 459 2877 vii.
478 2825 544 2878 155.
560 2841 595 2878 m.
610 2821 716 2898 εὐρημα
733 2818 814 2897 εὐρή-
847 2819 947 2897 Εὑρύς,
962 2823 1060 2880 Laius.
1088 2821 1176 2880 Foem.
1191 2819 1282 2898 εὐρέα.
1319 2821 1369 2879 Sic
1382 2819 1435 2882 τό·

248 2921 337 2978 καμεν
350 2897 439 2978 ήμέας
447 2924 475 2957 τε
484 2898 583 2966 αὐτούς
593 2898 813 2970 καίτήνἘλλό-
867 2913 934 2979 φρος
947 2899 1041 2975 βαθέα
1063 2925 1091 2960 τε
1110 2903 1154 2959 καί
1173 2900 1261 2978 εὐρέα,
1277 2903 1297 2960 1.
1316 2904 1383 2966 178.
1400 2906 1431 2980 Ι.

250 2978 294 3051 δα,
315 2981 497 3058 Insperatum
514 2982 627 3040 lucrum
642 2982 812 3052 invenimus,
867 2982 915 3038 ubi
933 2983 985 3040 ulii
1005 2984 1114 3059 quidem
1134 2981 1234 3060 εὐρεῖα,
1249 3001 1320 3042 unus
1341 2980 1432 3059 εὑρόη.

249 3081 346 3136 nempe
367 3081 418 3119 nos
439 3062 565 3140 ipsoset
588 3062 731 3120 Graeciam
753 3082 814 3120 ser·
869 3062 951 3139 Cous.
969 3061 1072 3128 Βαθύς.

248 3143 386 3210 venimus,
398 3143 457 3199 viii.
476 3145 543 3200 109.
559 3163 586 3200 α.
601 3163 636 3200 m.
846 3140 1013 3220 Εὑρύχορυς,
1037 3141 1062 3212 ὑ,
1083 3144 1110 3213 ή,
1131 3144 1232 3202 choris
1255 3153 1349 3220 aptus,
1372 3147 1433 3209 siue

228 3219 384 3296 Εὐρίσκειν,
402 3219 433 3297 1)
449 3223 588 3298 Reperire
603 3223 755 3299 querendo
769 3223 815 3279 nel
862 3227 957 3298 potius
970 3223 1126 3300 Spatiosus,
1138 3244 1193 3299 pro
1203 3221 1366 3302 εὐρύχωρος,
1375 3245 1433 3282 me·

250 3301 424 3375 inquirendo.
440 3305 594 3378 φροντίζων
611 3301 649 3372 δὲ,
664 3300 769 3378 εὕρισκέ
783 3326 813 3360 τε
867 3306 906 3360 tri
920 3323 1028 3362 caussa.
1059 3302 1188 3381 Σπάρτης
1202 3303 1342 3381 οἰκήτορες
1355 3304 1433 3381 εὐρυ-

249 3383 337 3435 ταύτα
349 3378 513 3454 καιριιότατα
527 3379 609 3452 εἶναι,
620 3384 664 3439 καὶ
677 3382 766 3440 ἐποίεε
781 3381 813 3452 δή
866 3381 968 3460 χόροιυ,
983 3385 1031 3442 vii.
1049 3389 1117 3442 220.
1133 3405 1168 3442 m.
1184 3388 1214 3442 iu
1231 3385 1315 3442 Orue.

250 3455 326 3515 τάδε.
348 3459 397 3515 Sic
411 3479 470 3516 cum
485 3461 643 3536 Scboefero,
654 3467 813 3538 proeeunti-
846 3463 1017 3542 Εὐρυχωρίη,
1036 3461 1064 3534 ή,
1085 3465 1174 3522 Latus
1198 3473 1228 3522 et
1253 3466 1364 3541 amplus
1387 3465 1432 3524 lo-

250 3537 300 3595 bus
332 3535 455 3596 MSStis
487 3541 635 3611 nonnuliis,
664 3547 814 3618 repositum
867 3563 926 3614 cus,
943 3546 1082 3620 Spatium.
1098 3542 1130 3601 ε’ν
1143 3545 1432 3628 τῇλοιπήεύρυχωρίη

226 3618 341 3694 jmulim
354 3619 457 3678 1125.
468 3639 495 3677 α.
506 3620 554 3678 ubi
566 3641 626 3679 eum
642 3621 726 3680 Wess.
742 3621 814 3699 εὐρί-
867 3627 916 3692 τῆς
930 3623 1023 3695 θήκης,
1037 3625 1074 3681 iv.
1090 3626 1138 3686 71.
1153 3630 1234 3704 ms.
1271 3626 1367 3684 Etiom
1382 3628 1432 3684 ubi

250 3722 342 3757 σκεται
357 3702 568 3776 tenui,quoden
578 3701 658 3760 Med.
675 3703 813 3778 culpatum
867 3705 902 3760 de
927 3708 1000 3761 mori
1023 3707 1124 3780 opiter.
1148 3704 1181 3762 ἐν
1205 3710 1356 3784 εὐρυχωρίῃ
1378 3706 1432 3782 (In

250 3790 321 3838 evat.
351 3780 420 3838 Vide
450 3779 517 3839 Ver.
543 3781 622 3842 Leet.
650 3782 675 3840 oi
708 3782 815 3860 Πέρσαι
866 3781 980 3860 aperto)
997 3783 1179 3863 ναυμαχέειν,
1197 3787 1257 3846 viii.
1274 3792 1323 3844 60.
1339 3791 1368 3843 2.
1382 3787 1432 3846 vbi

250 3859 295 3917 διό
322 3858 374 3930 τήν
407 3861 494 3918 Ἰλίου
519 3859 628 3920 ἅλωσιν
662 3859 814 3939 εὑρίσκουσι
867 3883 932 3940 opp.
948 3863 981 3922 έν
994 3869 1091 3942 στενῷ.

250 3944 329 4016 σφίσι
347 3942 450 3998 έοῦσαν
468 3938 520 4011 τήν
538 3940 631 4020 α’ρχήν
650 3945 700 4012 τῆς
712 3940 815 4021 ’ἔχθρης
847 3941 1002 4018 Εὐρωπεύς,
1018 3965 1070 4004 non
1085 3943 1129 4022 (ut
1145 3945 1249 4005 Portus
1270 3943 1389 4022 censuit)
1408 3950 1431 4007 i.

247 4021 300 4087 τῆς
313 4019 342 4083 ές
355 4017 418 4084 τούς
425 4018 580 4090 Ἕλληνας,
594 4024 614 4080 1.
631 4028 660 4081 5,
675 4043 702 4081 a.
867 4043 893 4098 q.
909 4022 1081 4099 Εὑρωπαῖος,
1096 4027 1274 4103 Europaeus3
1296 4029 1347 4085 sed
1367 4028 1431 4085 Eu-

287 4099 324 4173 2)
332 4097 462 4156 Medium
473 4099 666 4176 Εὑρίσκεσθαι,
679 4103 813 4160 Invenire
863 4105 1014 4182 ¹ropenais3
1036 4107 1113 4163 Civis
1127 4106 1248 4204 Europi,
1262 4109 1360 4184 oppidi
1373 4109 1431 4166 Ca·

249 4177 313 4244 sibi,
334 4179 366 4232 id
386 4187 435 4247 est,
458 4179 562 4238 Parare
581 4183 644 4252 sibi,
662 4183 813 4259 consequi.
866 4184 928 4240 riae.
941 4181 1029 4260 ἄνδρα
1038 4185 1171 4262 Εὐρωπέα
1186 4210 1279 4261 γενος,
1290 4189 1349 4245 viii.
1363 4192 1433 4246 lss.

250 4253 393 4332 εὑρήσεται
413 4261 554 4333 τιμωρίην,
568 4263 686 4320 Auxilia
699 4263 754 4320 sibi
767 4265 813 4320 in·
866 4283 893 4321 a.
909 4261 952 4322 N.
970 4270 1037 4322 135.
1053 4286 1079 4323 a.
1094 4270 1161 4343 ets.
1188 4268 1295 4330 Quibus
1315 4287 1352 4325 ete
1362 4268 1432 4326 locis

248 4344 395 4403 venturus,
407 4337 617 4397 consecuturus
627 4349 678 4410 est,
690 4343 732 4398 iii.
746 4347 813 4401 148.
865 4344 1037 4420 supplendus
1051 4356 1092 4404 est
1106 4347 1200 4406 Index
1212 4358 1305 4406 noster
1318 4349 1433 4407 Rerum

224 4423 227 4430 “
249 4435 284 4472 m.
301 4418 329 4492 Ι
344 4413 407 4473 rard
420 4414 548 4493 α’λεωρήν
564 4416 735 4495 εὑρήσονται,
750 4422 813 4480 Α11-
865 4432 895 4481 et
922 4425 1112 4484 Personarum
1137 4429 1174 4485 ab
1199 4429 1347 4487 Herodoto
1367 4447 1434 4487 m*-

250 4495 326 4570 quod
340 4495 533 4560 levamentum
543 4500 597 4558 sibi
610 4501 760 4577 parebunt,
771 4503 811 4560 ix.
865 4512 1052 4576 muratarum,
1074 4507 1122 4564 αίιί
1138 4525 1171 4583 ρ.
1189 4513 1258 4566 222.
1283 4512 1402 4568 inserent
1429 4533 1433 4540 ·
