3174 5040
486 275 569 330 EIII

255 401 372 472 πόλεως,
386 411 412 460 el
426 403 457 460 id
467 421 554 478 penus
572 401 632 458 ulie
653 400 731 475 opud
743 418 818 456 enm-

254 487 315 542 dem
329 494 356 541 el
372 484 449 559 apud
466 478 563 556 ulios.)
581 479 611 537 ni
630 483 694 550 νῆες
715 477 820 556 άρμεον

254 564 300 621 inl
320 561 471 638 ἀγκυρέων,
486 565 566 639 quusi
580 563 658 618 dicos
674 561 769 618 Nares
790 562 820 616 in

255 646 377 702 statione
388 645 500 700 stabant
514 645 607 718 Super
615 642 735 704 ancoris,
748 641 822 716 quod

257 725 360 781 Latine
381 727 484 780 rectius
506 724 621 780 dicimus
644 722 679 779 Iu
701 721 819 788 ancoris,

257 805 305 860 vii.
323 809 390 862 188.
406 824 433 860 α.
454 803 499 860 ε’πί
520 803 599 878 ξυροῦ
617 801 706 878 άιιμῆς
724 798 820 877 ἔχεται

256 881 325 961 ῆμῖν
338 882 373 942 τά
391 881 552 960 πρήγματα,
575 885 668 958 Super
686 883 745 938 acie
769 877 820 956 (In

256 963 331 1038 ncie)
358 965 504 1022 novaculae
531 971 607 1020 stant
632 981 678 1020 res
705 973 820 1031 nostrae,

256 1046 295 1101 vi.
314 1050 361 1102 11.
377 1065 405 1101 a.
420 1045 465 1100 ε’πί
479 1047 526 1113 τῆς
538 1047 652 1116 γωνίης,
661 1043 696 1098 In
705 1043 819 1117 augule,

256 1127 277 1182 i.
294 1131 342 1182 51.
359 1145 385 1182 α.
402 1145 436 1181 m.

299 1203 333 1280 2)
352 1204 407 1261 Ubi
419 1206 454 1261 cle
470 1203 553 1261 Motu
566 1204 606 1260 ed
619 1203 705 1262 locum
718 1205 819 1278 opilur,

259 1285 322 1341 Ἐπὶ
344 1305 403 1342 cum
421 1285 549 1342 Gemiliuo
571 1283 649 1342 AEm.
672 1282 776 1340 Portus
795 1293 822 1339 et

258 1367 339 1443 culpo
352 1367 404 1423 olii
423 1365 572 1442 perhibent
589 1365 660 1420 idem
680 1363 774 1420 οαίετε
787 1383 821 1420 αα

258 1447 299 1510 εἰς
321 1447 367 1503 uel
387 1445 427 1512 ἰς.
456 1445 570 1502 Videtur
590 1453 679 1501 lemen
696 1444 823 1500 nonniliil

214 1561 218 1570 ·
261 1529 395 1602 differre:
416 1526 523 1582 scilicet
538 1528 699 1600 quicumque
718 1525 822 1582 dicitur

258 1607 407 1663 Profectus
434 1625 506 1674 esse,
534 1604 562 1668 ic
585 1601 680 1680 χώρην
701 1601 775 1669 τινά,
798 1606 822 1662 is

258 1686 423 1762 inlellipilur
437 1687 473 1742 In
493 1685 571 1742 illem
589 1685 737 1760 regionem
757 1703 821 1759 per-

256 1767 386 1835 venisse3
408 1767 458 1822 secl
474 1766 519 1822 ἒπί
545 1761 638 1840 χώρης
661 1761 735 1828 τινός
754 1783 822 1839 pro·

257 1847 349 1904 iectus
363 1866 424 1904 esse
438 1849 518 1904 etium
539 1847 564 1902 is
582 1846 685 1902 dicitur
707 1835 767 1906 Qui
791 1845 821 1901 in

259 1926 428 2002 Reginum,
448 1928 483 1982 de
496 1945 552 2002 qun
571 1929 672 2001 epitur,
687 1925 824 1982 Tetendit

258 2007 385 2082 quidem,
406 2007 465 2068 Qui
486 2025 549 2063 eam
572 2007 664 2082 petiit,
688 2006 747 2066 Qui
768 2006 823 2062 iter

227 2150 230 2158 ,
258 2107 342 2144 suurn
356 2107 391 2143 eo
413 2088 527 2155 direxit,
542 2105 592 2142 uec
606 2095 694 2142 tamen
711 2105 741 2142 eo
751 2105 821 2160 per-

259 2171 343 2224 uenit.
365 2165 463 2242 Itaque
476 2166 526 2244 ini
542 2185 602 2222 cum
623 2165 762 2234 Gemiliuo,
776 2165 824 2222 ubi

257 2247 294 2302 cle
315 2245 398 2303 Motu
420 2249 460 2302 ael
480 2247 567 2304 locum
585 2249 686 2322 upitur,
707 2246 823 2302 subinde

255 2329 350 2400 polius
374 2325 494 2394 Versus,
523 2346 603 2402 quum
631 2327 666 2382 ln
693 2327 738 2382 uel
763 2327 820 2392 Ad,

258 2407 407 2482 sipnificut.
427 2405 469 2462 ἐπ’
483 2403 636 2478 Αἰγύπτου,
659 2399 836 2481 AEgyptum'

259 2505 366 2553 versus,
379 2487 423 2542 uel
438 2487 473 2543 Iu
487 2487 657 2561 AEgyptum,
672 2487 692 2544 i.
708 2490 734 2542 l.
744 2488 772 2560 s.
788 2486 819 2543 ii.

259 2566 308 2628 73.
318 2568 347 2639 f·
357 2570 405 2627 75.
409 2569 438 2641 s
454 2563 556 2623 ἐ’πλεον
569 2567 614 2623 ἐπὶ
624 2570 700 2633 Χίου,
714 2566 734 2621 i.
751 2570 819 2626 164.

252 2648 280 2720 f.
294 2643 426 2710 πλέοντες
445 2646 491 2704 ὲπί
510 2649 648 2722 θρηίκίης,
663 2647 683 2703 i.
701 2649 768 2703 168.
784 2665 819 2703 m.

1105 263 1187 324 Eut

874 407 1029 456 cersstrucla
1050 399 1192 474 reperitur
1205 397 1366 473 sipnificeus
1379 397 1439 468 Ad,

873 480 971 556 Apud,
995 480 1092 536 Juxta.
1116 477 1166 535 Sic
1193 479 1230 535 iv.
1255 483 1304 540 87.
1328 498 1357 534 α.
1376 477 1442 534 elim

874 559 1014 637 lepcbulur
1019 555 1230 629 erinaciorum
1240 555 1287 616 irio
1295 555 1338 615 ἐπ’
1346 555 1442 628 αόποῦ,

874 659 969 715 nempe
982 643 1030 697 τοῦ
1043 637 1194 714 Βοσπόρου,
1210 639 1257 696 ubi
1271 658 1320 696 nos
1331 640 1442 715 quidem

876 740 935 777 cum
954 720 1038 778 Wess.
1052 717 1094 778 ἐπ’
1108 717 1181 796 αὐτῷ
1190 723 1341 794 posuimus,
1351 715 1442 795 (cons.

874 797 937 856 Ἐπὶ
950 820 1009 858 cum
1030 799 1129 857 Datin.
1149 819 1224 856 num.
1250 797 1295 875 2.)
1325 799 1439 874 Scires.

875 901 940 938 uero
974 890 1089 938 ueterem
1116 883 1256 937 reuocauit
1290 879 1442 949 lectionem,

876 963 949 1037 quod
969 970 996 1018 et
1017 981 1035 1018 α
1053 980 1094 1018 me
1116 961 1197 1018 uelim
1212 963 1342 1035 fectum:
1378 979 1442 1017 uum

875 1043 949 1116 quod
975 1044 1003 1098 in
1028 1039 1106 1098 Nola
1133 1042 1152 1097 l.
1167 1061 1191 1098 c.
1224 1044 1336 1116 scripsi,
1364 1043 1446 1116 opud

872 1123 1030 1197 prosaicum
1043 1124 1205 1196 scriptorem
1223 1119 1267 1178 ε’πί
1281 1141 1342 1178 cum
1353 1125 1441 1197 penit.

875 1205 929 1258 iste
942 1205 1049 1260 notione
1063 1202 1139 1258 lond
1145 1202 1236 1276 sucile
1246 1203 1378 1278 reperiri,
1389 1221 1444 1259 non

875 1285 1049 1339 memineram
1063 1291 1127 1339 lunc
1137 1283 1334 1340 simillimorum
1348 1301 1442 1339 enem-

871 1363 991 1438 plorum,
1012 1383 1078 1439 quae
1096 1382 1131 1418 ee
1147 1361 1263 1438 Polplrio
1284 1383 1301 1419 α
1320 1382 1361 1418 me
1380 1366 1443 1438 ipso

875 1443 989 1500 collecto
1008 1452 1088 1499 erent
1108 1445 1138 1498 in
1160 1440 1265 1499 Lenico
1284 1442 1383 1518 Polyb.
1406 1462 1440 1518 p.

876 1527 946 1580 242.
974 1543 1047 1580 num.
1070 1528 1099 1578 4.
1125 1521 1244 1580 Accedit
1266 1523 1345 1580 eliud
1368 1525 1445 1599 quud

873 1605 953 1680 apud
985 1603 1105 1660 eumdem
1132 1601 1306 1659 Herodotum
1330 1603 1441 1680 lepilur,

875 1684 924 1740 vii.
943 1688 1009 1753 115,
1026 1689 1053 1740 8.
1069 1680 1277 1740 κόλποντόνέπί
1289 1681 1441 1753 Ποσιδηίου

875 1762 904 1828 ἐξ
917 1761 1059 1840 ἀριστερῆς
1072 1759 1153 1840 χερός
1168 1759 1254 1839 ἔχων,
1270 1765 1372 1820 Sinum
1391 1767 1444 1842 qui

876 1846 969 1905 estad
984 1845 1111 1920 Neptuni
1125 1845 1272 1919 templum,
1293 1864 1310 1901 a
1327 1845 1444 1903 sinistre

875 1925 993 1984 habene.
1018 1923 1047 1980 ui
1065 1921 1111 1980 ε’πί
1136 1921 1251 2000 Λῆμνου
1271 1923 1442 2002 ἐπικείμεναι

878 2009 966 2076 νῆσοι,
981 2005 1089 2062 Insulae
1102 2024 1191 2081 prope
1205 2005 1347 2062 Lemnum
1358 2004 1441 2081 (siue,

875 2105 974 2144 versus
988 2085 1141 2154 Lemnum,
1155 2084 1217 2142 coll
1228 2105 1300 2142 num.
1312 2083 1357 2160 2.)
1365 2087 1439 2156 sitae,

876 2167 925 2224 vii.
941 2170 969 2226 6.
983 2186 1018 2224 m.
1026 2169 1056 2241 s.

916 2243 950 2322 4)
961 2245 1099 2323 Desipnet
1116 2244 1235 2321 Tempus
1249 2246 1294 2302 uel
1307 2244 1442 2315 AEtutem,
1460 2257 1467 2265 '

876 2346 931 2402 que
942 2337 1020 2403 peste
1034 2336 1075 2384 est
1092 2345 1139 2384 res
1158 2327 1192 2383 cle
1212 2345 1268 2403 que
1282 2329 1384 2402 cipitur.
1404 2325 1442 2384 τό

876 2405 918 2462 ἐπ’
944 2405 1008 2486 ε’μεῦ
1034 2401 1071 2478 ῆν
1102 2404 1226 2482 μεγάλα,
1255 2404 1345 2482 (Quae
1372 2407 1444 2464 Mea

876 2495 970 2554 aetste,
996 2489 1064 2546 Mea
1089 2489 1235 2556 memoria,
1263 2506 1368 2562 magna
1394 2489 1442 2545 i'u·

875 2565 973 2643 erunt)
987 2565 1117 2646 πρότερον
1130 2562 1166 2637 ἦν
1180 2565 1289 2645 σμικρά,
1308 2569 1328 2624 i.
1351 2573 1400 2626 55.
1410 2573 1441 2644 s.

874 2645 985 2720 ἐγένετο
992 2646 1033 2706 ἐπ’
1043 2646 1108 2725 ε’μεῦ
1119 2651 1196 2705 τοῦτο
1205 2646 1235 2706 τό
1245 2649 1334 2725 τέρας,
1345 2649 1376 2705 ii.
1389 2653 1442 2706 46.

260 2724 290 2783 τό
313 2724 366 2803 μὲν
386 2724 470 2804 ῆμιαυ
488 2728 537 2783 τοῦ
554 2724 653 2791 ὕδατος
666 2724 708 2784 ἐπ’
729 2724 821 2800 Αἰγά-
868 2731 899 2803 s.
913 2726 960 2785 ε’πί
973 2727 1099 2808 πῆςὲμῆς
1110 2727 1185 2797 ζόης,
1196 2730 1216 2786 i.
1227 2733 1276 2786 38.
1284 2732 1314 2806 f.
1324 2726 1443 2786 ε’πίτοό-

256 2829 326 2863 πτου
336 2803 418 2881 ῥέειν,
425 2807 535 2883 (versus
545 2807 704 2883 AEgyptum
717 2805 822 2882 fluere)
876 2831 923 2866 rou
936 2807 1159 2884 τυραννεύοντος.
1176 2811 1241 2866 Hoc
1255 2819 1404 2885 regnante,
1418 2811 1440 2868 i.

257 2884 288 2944 τό
308 2884 329 2943 δ’
341 2883 434 2963 ἕτερον
447 2885 532 2964 ἥμισυ
550 2886 596 2944 ἐπὶ
617 2890 771 2956 Αἰθιοπίης,
789 2887 820 2944 ii.
878 2893 925 2946 15.
941 2887 986 2946 ε’πὶ
1001 2893 1192 2953 Δευκαλίωνος
1199 2886 1348 2961 βασιλῆος,
1358 2892 1379 2947 i.
1390 2887 1443 2948 56.

257 2972 307 3025 28.
324 2987 359 3024 m.
383 2968 475 3044 οἰχετο
497 2965 609 3044 φεύγων
633 2969 678 3024 ε’πί
704 2965 822 3040 Λιβύης,
868 2967 954 3044 fle’nl
967 2969 1071 3046 Δάρου,
1083 2971 1152 3028 ibid.
1167 2968 1212 3026 ἐπὶ
1226 2973 1345 3036 Λέοντος
1354 2967 1443 3042 βασι-

257 3049 380 3123 Libyam
400 3067 499 3106 versus
527 3049 582 3105 iter
606 3050 766 3117 intendens,
790 3049 821 3106 ii.
873 3047 1015 3120 λεόαντος,
1030 3052 1049 3107 i.
1065 3055 1114 3110 65.
1131 3070 1159 3106 α.
1181 3049 1228 3106 ἐπὶ
1238 3047 1342 3116 Ἀπυος
1354 3048 1444 3124 βασι-

261 3133 327 3186 119.
332 3125 683 3204 μάτελαόνεινέπόἰκσυ,
695 3129 823 3186 Domum
875 3131 940 3195 λεός
962 3135 1022 3188 siue
1043 3128 1191 3203 βασιλῆος,
1213 3132 1233 3188 1.
1260 3135 1309 3189 94.
1340 3152 1368 3188 α.
1396 3130 1443 3189 ε’πὶ

257 3209 344 3277 abire,
354 3209 384 3266 ii.
400 3213 466 3278 121,
478 3214 508 3266 4.
519 3212 548 3284 s.
560 3206 629 3266 ἰόντι
640 3206 685 3266 e’ni
694 3211 821 3278 Κυζίκου,
875 3209 1054 3284 Ἀστυάγεος,
1069 3213 1087 3268 ἰ.
1107 3217 1173 3270 130.
1189 3231 1223 3268 m.
1238 3208 1397 3282 introires,
1408 3215 1439 3272 ii.

257 3289 295 3344 iv·
319 3293 366 3345 14.
385 3308 419 3345 m.
441 3286 521 3346 ἐ’πλει
541 3287 680 3367 πρόφασιν
694 3287 737 3347 ἐπ’
755 3285 821 3345 Ἑλ·
859 3297 903 3349 ·4.
910 3293 938 3366 f.
953 3290 998 3348 ἑπί
1019 3288 1122 3349 τούτων
1136 3289 1291 3368 α’ρχόντων,
1306 3293 1343 3350 iv·
1359 3298 1387 3350 5.
1404 3313 1441 3352 m.

257 3365 425 3436 λησπόντου,
440 3388 468 3424 v.
484 3375 534 3427 33.
550 3390 580 3426 α.
600 3367 822 3428 α’παλλόσσοντο
915 3372 1011 3430 Elium
1025 3373 1083 3430 eliu
1097 3376 1204 3430 ratione
1216 3371 1261 3429 ἐπὶ
1275 3393 1335 3430 cum
1346 3372 1442 3434 Genit.

257 3446 295 3510 nic
309 3443 388 3523 εἰχον
400 3445 460 3512 tels
473 3445 517 3504 ε’πί
531 3453 700 3519 Θεσσαλίης,
717 3451 742 3506 Ε
757 3468 822 3507 ves·
874 3455 904 3509 in
925 3454 1093 3530 desipnuudo
1120 3451 1254 3528 Tempore
1275 3463 1441 3528 usurpatur.

257 3527 329 3602 tigio
343 3535 421 3584 recta
433 3548 532 3586 versus
550 3530 725 3586 Thessaliam
743 3531 821 3587 abie-

257 3615 335 3676 runt,
363 3626 389 3666 v.
419 3611 466 3665 64.
485 3612 514 3684 f.
540 3606 575 3666 τά
597 3613 692 3686 τείχεα
715 3607 750 3667 τά
776 3607 822 3666 ε’πί

258 3688 386 3763 θρηΐκης,
417 3689 540 3746 Cistella
563 3689 713 3748 Thracium
738 3709 821 3766 spec-

258 3771 357 3836 tantia,
371 3769 410 3826 vi.
426 3775 475 3828 33.
495 3790 523 3828 a.
538 3765 641 3826 ἔπλεον
652 3769 681 3834 ε’ς
694 3767 742 3827 τόν
756 3769 820 3828 κόλ-

257 3871 312 3905 πον
326 3846 375 3906 τόν
392 3847 437 3906 ε’πί
452 3847 612 3924 Παγασέων
629 3848 755 3927 φέροντα,
770 3851 819 3908 vii.

874 3527 932 3590 εἷλε
940 3531 1154 3610 μὲνΔάρδανον,
1162 3529 1360 3607 εἷλεἊβυδον,
1370 3539 1441 3610 Περ-

875 3611 972 3683 κιότην,
998 3612 1165 3690 Λάμψακον,
1191 3613 1311 3672 Παισόν·
1338 3614 1444 3682 ταύτας

873 3691 927 3770 μὲν
938 3692 980 3751 ε’π’
993 3691 1095 3771 ἡμέρης
1109 3693 1226 3765 ἑκάστης
1234 3694 1317 3771 αἵρεε,
1330 3713 1357 3752 V.
1371 3700 1441 3759 117.

874 3775 922 3831 ubi
929 3772 1031 3840 ταύτας
1041 3775 1115 3832 valet
1125 3773 1230 3833 τούτων
1237 3773 1365 3844 ἑκάστας,
1378 3777 1444 3834 Ha·

874 3875 940 3912 rum
954 3855 1079 3932 singulas
1093 3857 1213 3930 singulis
1222 3857 1299 3932 cepit
1308 3857 1421 3915 diebus.

260 3932 328 3985 193.
351 3949 378 3986 α.
401 3927 454 3987 rino*
471 3927 597 4002 βοιωτῶν
618 3929 822 3997 ἐξαναστάντες
915 3933 948 4011 5)
961 3933 1002 3993 ἐπ’
1012 3934 1120 4006 ἑωυτοῦ,
1135 3933 1178 3994 ἐπ’
1191 3933 1302 4006 ἑωυτῆς,
1316 3934 1359 3994 ἐπ’
1372 3933 1444 3995 iuu-

256 4003 408 4081 ε’τράποντο
421 4008 462 4066 ἐπ’
475 4009 626 4081 Ἀθηνέων,
637 4031 666 4068 ν.
682 4015 730 4074 57.
740 4014 770 4088 s.
783 4013 820 4070 vi.
874 4019 939 4085 τῶν,
965 4017 1133 4092 Separatim‚
1162 4019 1286 4074 Seorsim
1313 4018 1349 4074 ab
1368 4018 1443 4088 aliis,

258 4090 308 4143 34.
317 4089 346 4160 f.
363 4087 521 4148 Promiscue
535 4111 595 4148 eum
612 4091 705 4149 Genit.
722 4102 822 4150 etcum
875 4096 1022 4166 Privatim,
1038 4106 1065 4154 et
1074 4097 1186 4154 similia.
1209 4098 1337 4156 Infantes
1350 4098 1446 4156 voluit

257 4165 361 4223 Actus.
373 4173 585 4228 construiturix.
596 4173 646 4232 47.
651 4172 740 4246 fiubi
749 4173 824 4230 ulter
875 4176 1094 4234 Psammitichus
1121 4174 1152 4234 ἐν
1180 4175 1267 4256 στέγη
1290 4175 1377 4256 ἐρήμη
1398 4176 1444 4236 ἐπ’

256 4240 311 4336 ῆγε
324 4243 370 4302 ε’πί
383 4244 413 4304 τό
423 4244 511 4313 δεξιόν
524 4247 613 4324 κόρας,
627 4251 702 4308 ¹altum·
715 4251 760 4308 ε’πί
774 4257 823 4310 τοῦ
873 4252 984 4313 ἑωυτῶν
999 4255 1117 4327 κεέσθαι,
1131 4259 1162 4315 in
1175 4259 1301 4318 solitaria
1314 4277 1378 4316 casa
1387 4260 1444 4316 Se·

257 4323 405 4402 ευωνόμου.
438 4326 519 4403 Gens.
532 4348 685 4387 mommum.
702 4335 731 4388 3.
747 4343 820 4392 eutr.
872 4336 1444 4414 orsimjacere,ii.2.m.oirs¹orrucrricfflpu·

239 4446 241 4454 ,
299 4402 332 4478 3)
360 4405 415 4463 Ubi
438 4409 472 4465 de
494 4407 558 4464 Situ
582 4411 682 4484 cipitur,
703 4430 821 4488 praepo·
875 4421 940 4489 γίης
953 4416 1045 4495 χῶρόν
1058 4417 1249 4496 τεκαίκιόμην
1264 4417 1306 4478 ἐπ’
1319 4417 1444 4491 ἑωυτῶν,

253 4490 320 4545 sitio
342 4485 388 4543 ἐπὶ
412 4507 472 4547 cum
501 4487 594 4548 Genii.
624 4509 821 4570 nonnumquam
872 4502 951 4556 υ.98.
964 4519 991 4556 α.
1002 4496 1132 4577 οἰκέωμεν
1142 4497 1442 4579 ἕπή’με’ωναόπιίν,ἰυ.
