3052 5040
491 263 552 336 'un
1124 283 1185 338 na

248 429 284 468 m.
298 411 336 469 vi.
349 413 398 468 55.
406 411 436 486 s.
457 407 531 484 (com
549 407 616 467 Ver.
637 403 733 483 Lect.)
750 408 811 466 viii.
862 427 981 484 prorsus
994 409 1116 467 α’δυοάαί
1124 433 1135 478 ;
1151 419 1178 467 et
1190 406 1229 474 εἰς
1241 403 1318 466 εἶναι
1331 405 1430 464 Ῥοδῶ-

248 497 297 550 80.
323 511 358 550 m.
387 489 524 548 Similiter
549 489 645 546 eedem
667 489 812 566 particule
865 512 917 546 πιν
937 491 1009 547 idem
1032 491 1106 548 volet
1129 510 1163 547 oe
1183 494 1211 547 si
1234 487 1274 553 ύς
1296 487 1430 552 Ῥοδῶπις

248 591 309 629 com
335 571 401 629 eliis
427 571 580 645 Infinitiois
603 571 743 646 jonpiter.
773 571 811 634 oie
865 571 992 628 dixisset.
1008 573 1095 647 (confi
1111 591 1167 627 σου.
1187 566 1283 637 Εἶναι,
1298 590 1375 626 narn.
1390 567 1431 641 2.)

246 655 336 710 tireio
354 649 441 728 λύγῳ,
455 648 494 715 uic
507 648 585 728 λύγῳ
603 653 700 717 εἰπεῖν,
716 651 758 707 Ut
771 652 811 706 sic
870 649 950 707 Valet
969 661 1058 708 domm
1079 656 1109 708 in
1128 655 1183 708 isto
1206 653 1346 707 orationis
1371 669 1431 706 con-

247 733 351 802 dicam,
365 732 442 788 Vere
460 731 591 798 dixerim,
609 731 639 787 ii.
660 734 708 788 53.
724 751 751 787 ο.
767 729 810 787 N.
865 735 991 800 nexione,
1007 733 1051 788 Ut
1069 733 1226 807 Rhodopis,
1246 732 1323 787 idem
1341 740 1430 806 atque,

250 816 316 870 154.
330 832 365 868 m.
380 808 418 876 εἰς
431 808 548 880 εἰκάσαι,
564 822 590 868 et
607 807 644 874 sic
657 807 809 882 ἐπεικάσαι,
864 811 1014 872 Quatenus
1032 813 1134 868 mulier
1146 813 1221 879 talis,
1240 812 1338 887 qualis
1353 811 1431 866 Rho-

248 893 291 950 Ut
323 893 463 968 conjicias,
491 893 641 953 Quatenus
671 892 811 968 conjicere
864 893 955 967 dopis,
993 894 1124 969 ingentes
1159 911 1228 968 opes
1265 909 1432 968 comparere

246 973 322 1042 licet,
337 973 357 1029 i.
373 977 421 1030 32.
431 976 460 1048 f.
476 973 516 1028 ix.
531 977 580 1029 32.
588 974 617 1046 s.
638 969 757 1041 Rursus,
773 969 811 1036 ὥς
862 981 968 1048 potest.

246 1050 357 1109 εἰκάσαι
371 1049 535 1128 (Quatenus
549 1054 677 1108 conferre
692 1053 810 1110 interne
906 1051 1029 1109 Similem
1048 1055 1181 1109 rationem
1200 1051 1287 1109 debet
1305 1053 1340 1108 id
1363 1052 1432 1128 qnod

245 1131 327 1209 lieet)
347 1130 506 1206 βασιληίην
529 1155 559 1189 τε
583 1134 627 1188 καὶ
650 1131 809 1202 nodamine,
864 1132 902 1188 iv.
918 1137 967 1190 81.
982 1153 1009 1190 α.
1030 1133 1139 1210 lepitur,
1157 1132 1205 1189 nbi
1224 1135 1278 1202 ait,
1299 1133 1350 1188 De
1366 1135 1432 1206 Scy-

245 1214 353 1273 11034.
368 1234 397 1272 α.
412 1212 450 1278 oie
467 1209 516 1288 ἐμὲ
534 1208 565 1269 ed
582 1214 740 1290 propriatim
753 1211 809 1288 (Si,
864 1213 978 1270 tharum
997 1233 1116 1270 numero
1129 1213 1211 1270 valde
1229 1214 1432 1269 dissentientes

247 1303 298 1351 ont
320 1295 479 1363 Quatenus,
501 1294 635 1368 equidem
654 1294 727 1350 bene
747 1311 809 1349 me·
864 1294 1005 1352 audivisse
1015 1313 1046 1350 se
1056 1312 1209 1358 sermones,
1219 1294 1266 1349 καὶ
1278 1290 1339 1368 γάρ
1352 1291 1433 1368 κάρτα

245 1371 332 1450 mini)
344 1372 380 1431 τά
392 1371 408 1430 o'
420 1370 554 1451 ἑρμηνεύς
563 1395 611 1450 μοι
623 1369 684 1450 ἔφη,
695 1374 725 1430 ii.
741 1378 809 1431 125.
862 1372 986 1438 πολλούς
1012 1369 1088 1430 εἶναί
1113 1383 1208 1450 σφεας,
1233 1375 1281 1429 καί
1307 1373 1433 1447 ὀλίγους,

237 1453 345 1530 s-Pro
359 1474 390 1512 eo
400 1455 473 1531 quod
482 1457 531 1524 aii,
543 1452 620 1526 λέγω
633 1451 672 1522 δὲ,
686 1451 723 1518 uic
736 1448 810 1510 εἰναι
863 1451 1009 1531 (inteddiye,
1036 1454 1081 1509 καὶ
1107 1455 1193 1528 κάρτα
1224 1452 1374 1530 ὀλίγους,)
1401 1451 1433 1517 oie

242 1539 332 1592 ταῦτα
347 1533 446 1612 σμικρά
459 1531 611 1612 μεγάλοισι
625 1530 808 1610 συμβαλέειν,
864 1532 971 1599 Σκύθας
992 1530 1075 1591 εἶναι.
1117 1534 1164 1590 Idi
1182 1543 1328 1609 postrema
1352 1535 1433 1591 verda

246 1615 285 1673 ir.
301 1619 350 1672 99.
358 1619 387 1690 f.
406 1624 518 1690 poterat
531 1615 643 1671 dreoins
660 1612 808 1690 oie-rop-
864 1616 987 1689 equidem
1002 1615 1065 1672 olim
1084 1634 1143 1670 cnm
1157 1613 1304 1671 Larciero
1323 1618 1370 1670 sie
1389 1635 1433 1672 nc-

245 1691 317 1766 βσλ.
338 1696 441 1765 dicere,
462 1697 504 1752 Ut
522 1696 686 1764 conferam3
717 1715 809 1770 qnem-
863 1713 1001 1770 ceperam,
1030 1696 1062 1752 Si
1095 1692 1162 1769 (rel,
1195 1692 1370 1770 Quatenus)
1402 1697 1432 1751 de

241 1776 389 1832 edmodnm
408 1772 445 1839 uic
458 1772 567 1832 εἰκάσαι
580 1773 632 1844 τήν
645 1771 744 1846 βασιλ.
760 1776 812 1832 sed
862 1793 930 1832 vere
943 1776 1094 1832 nominatis
1108 1775 1221 1850 Scythis
1235 1795 1370 1850 qaoeras.
1396 1775 1432 1832 At

241 1855 355 1930 plenius
366 1853 405 1912 ibi
418 1852 454 1920 ιύς
464 1851 537 1912 εἶναι
548 1852 721 1932 συμβαλέειν
733 1856 808 1923 dicit,
864 1857 893 1910 in
904 1857 976 1912 dono
989 1858 1150 1912 sententiam
1162 1857 1289 1912 dicturus
1299 1855 1432 1931 Scriptor

244 1935 294 1992 nbi
302 1932 375 1993 εἰναι
386 1936 478 1992 rideri
484 1939 574 2012 possit
583 1937 653 1992 idem
664 1955 697 1992 oc
707 1934 809 2001 ἐξεῖναι
865 1946 926 1992 erat
948 1935 986 2000 ύς
1008 1933 1134 2004 άληθέως
1158 1934 1217 2010 (nel
1239 1933 1278 2000 ιύς
1303 1941 1433 2010 γνησίως

245 2016 349 2086 oedem
367 2018 517 2078 Quatenus
538 2016 606 2073 licet
622 2017 727 2092 exigua
747 2017 810 2074 haec
862 2026 912 2072 ont
926 2019 1072 2089 γνησίους)
1092 2013 1199 2080 Σκύθας
1213 2012 1298 2074 εἶναι.
1351 2017 1433 2074 Velio

245 2115 313 2153 cum
326 2098 437 2172 magnis
451 2098 588 2153 conferre.
630 2096 765 2154 Enmdem
779 2100 808 2153 in
863 2096 992 2166 breviter,
1007 2098 1084 2153 deod
1096 2097 1164 2152 satis
1177 2099 1233 2153 scio
1246 2116 1303 2172 qno
1317 2107 1433 2155 senten·

244 2179 415 2243 sententiam,
438 2175 508 2234 ύσπε
528 2173 612 2246 εἰναι,
633 2179 682 2246 ait,
709 2174 809 2253 σμικρά
863 2179 911 2242 tio,
934 2179 1043 2252 Utique
1065 2178 1203 2252 Scythss3
1234 2197 1300 2253 quoe
1323 2177 1433 2235 Lentino

243 2260 331 2314 reiro
339 2254 490 2333 μεγάλοισι
499 2253 807 2332 ωμβαλέειν,ἱί.10.α.
865 2255 952 2314 Gron.
978 2267 1004 2314 et
1036 2257 1120 2314 Wess.
1146 2267 1301 2315 tenuerunt.
1352 2258 1433 2315 Com·

245 2336 293 2393 ott
312 2337 365 2394 olii
383 2338 492 2414 quidem
512 2335 549 2402 ιύς
570 2346 671 2406 tenent,
693 2357 726 2394 oc
740 2340 807 2413 for-
860 2339 965 2395 modias
989 2337 1091 2395 Latine
1111 2339 1221 2406 reddes,
1243 2339 1287 2395 Ut
1309 2340 1433 2414 quidem

241 2425 315 2474 tasse
329 2416 367 2482 ύς
381 2441 415 2490 γε
428 2421 560 2494 scriptum
574 2418 725 2493 oportebat.
862 2419 1001 2494 Scythas3
1046 2437 1151 2493 nempe,
1181 2418 1239 2475 Alii
1270 2419 1433 2477 admodum

285 2495 344 2553 Sed
359 2498 432 2554 ,attor
451 2501 554 2573 possim
572 2499 667 2554 endem
680 2497 806 2573 somerio
860 2517 966 2572 paucos
992 2507 1053 2556 este
1080 2499 1237 2568 dixerunt3
1273 2518 1434 2558 numerum

242 2573 281 2640 εἰς
301 2573 374 2633 εἰναι
393 2577 477 2633 oiiom
496 2580 525 2633 in
542 2581 704 2634 sententiam
719 2581 807 2634 utitur
862 2578 1032 2654 Scytharum
1065 2579 1216 2636 ediderunt
1244 2579 1334 2636 nimis
1371 2584 1433 2638 exi·

246 2654 384 2732 Scriptor,
410 2659 450 2712 ito
474 2666 573 2724 tomen,
598 2665 628 2712 nt
652 2656 691 2712 idi
714 2659 805 2726 etiam,
861 2677 952 2732 guum
979 2661 1037 2716 Pro
1069 2660 1177 2717 ratione
1209 2659 1286 2715 illius
1316 2663 1433 2737 populi,

243 2739 327 2794 sicuti
339 2737 397 2795 ioco
410 2737 498 2812 poulo
511 2745 575 2795 onte
589 2739 681 2807 citato,
695 2737 807 2794 oerdom
861 2741 964 2814 quippe
990 2758 1068 2815 quem
1095 2759 1154 2796 esse
1179 2742 1433 2799 numerosissimum

243 2813 318 2875 εἰναι
331 2818 411 2876 sodon
424 2821 559 2875 sententio
573 2818 668 2874 obesse
681 2821 806 2894 potuisse
861 2829 963 2876 norunt
976 2829 1025 2877 out
1038 2829 1113 2876 certe
1126 2821 1283 2877 existimont
1296 2839 1404 2879 omnes.

242 2899 381 2958 videatur.
397 2896 512 2976 μεγάλα
522 2895 655 2968 ἐκτήσατο
664 2896 805 2975 χρήματα,
902 2899 1011 2956 Eadem
1028 2901 1155 2974 formido
1176 2897 1214 2964 ιύς
1240 2895 1315 2956 εἶναι
1341 2907 1433 2960 utitor

241 2975 280 3042 uic
300 2975 337 3037 dr
358 2975 431 3036 εἶναι
452 2976 595 3047 Ῥοδῶπιν,
615 2977 685 3054 α’τάρ
703 2979 751 3036 ούκ
769 2980 806 3043 εἰς
860 2974 967 3036 Noster
980 2982 1010 3038 ii.
1028 2985 1054 3037 8.
1069 3000 1103 3037 m.
1117 2983 1146 3055 s.
1160 2979 1191 3038 νδ
1204 2977 1259 3036 άπύ
1274 2977 1432 3040 Ἡλιουπό-

243 3080 277 3130 γε
296 3069 347 3116 ete.
367 3061 397 3117 ii.
420 3064 487 3117 135.
510 3079 537 3116 α.
558 3060 605 3116 oti
625 3059 677 3116 etit
698 3059 806 3134 quidem
860 3061 921 3124 λιος
940 3059 1026 3118 ούκὲτι
1045 3061 1154 3118 πολλὸν
1171 3065 1285 3137 χωρίον,
1301 3059 1343 3126 ὦς
1358 3059 1432 3120 εἰναι

240 3135 390 3204 Ῥοδώπιος
401 3143 551 3217 corripient,
562 3137 747 3210 αἰίἰῬσδιύπι,
757 3140 808 3196 sed
860 3137 1016 3212 Αἰγύπτου.
1064 3139 1155 3211 Velio,
1180 3142 1245 3198 Non
1268 3142 1432 3201 multorum

244 3221 274 3276 in
297 3215 432 3277 Ῥοδῶπιν
453 3225 623 3278 consentiunt
650 3229 714 3277 oett.
740 3220 807 3276 iibri
860 3222 1016 3296 spatiorum
1042 3221 1098 3278 iter
1123 3223 1200 3297 quod
1227 3222 1355 3297 AEgypti
1384 3226 1429 3283 sit.

241 3317 342 3356 omnes.
363 3300 411 3357 Idi
428 3299 518 3370 Velia,
531 3319 583 3377 pro
597 3297 634 3358 dr
649 3295 731 3370 εἰναι,
747 3319 806 3356 cum
866 3299 951 3359 Wess.
975 3321 1035 3358 cnm
1059 3301 1147 3358 Gron.
1172 3302 1239 3359 Non
1262 3303 1365 3378 ampla
1385 3325 1431 3361 re-

242 3377 634 3458 MS.Areit.n'reiraeiepens‚
642 3379 806 3437 hariolando
860 3381 908 3454 gio
933 3389 977 3438 est
999 3389 1033 3438 ut
1051 3382 1173 3458 AEgypti
1196 3383 1242 3438 sit.
1285 3381 1430 3454 Loreker,

241 3460 386 3526 convertit,
400 3479 466 3534 quae
483 3461 631 3536 Rhodopis
646 3468 805 3518 transsccn-
859 3461 903 3517 Le
929 3481 1008 3537 pays,
1032 3463 1170 3537 quoiqu'il
1193 3464 1387 3537 apparticnne
1413 3466 1431 3522 δ

242 3537 363 3609 derent3
414 3559 527 3615 qnorum
567 3540 710 3596 uerborum
748 3541 805 3597 loeo
859 3541 1005 3617 l’Egypte,
1030 3543 1104 3598 n'est
1126 3561 1178 3618 pas
1201 3543 1290 3600 d’uue
1317 3547 1431 3619 grande

241 3617 402 3676 Gronovius
413 3621 475 3677 daec
482 3622 585 3696 posuit,
596 3627 712 3677 utcsset
722 3621 805 3678 Rho·
859 3622 992 3678 etendue.
1034 3619 1097 3678 Nos
1118 3623 1190 3691 olim,
1212 3622 1278 3679 Non
1301 3625 1430 3683 multum

241 3700 343 3776 dopis3
373 3721 438 3777 poce
459 3700 487 3757 in
508 3701 579 3758 ione
597 3709 706 3776 portem
730 3700 806 3758 Wes-
858 3701 888 3757 in
919 3701 1100 3759 latitudinem
1133 3710 1213 3779 patet
1243 3703 1324 3779 regio
1363 3725 1431 3781 quae

241 3780 374 3857 sedinpius
387 3784 504 3857 occepit,
524 3789 557 3839 ut
576 3781 723 3857 Rhodopis
744 3801 805 3838 esse
858 3781 1004 3858 AEgyptus
1025 3800 1086 3839 esse
1108 3791 1248 3840 censetur.
1291 3783 1430 3843 Auctoris

241 3862 376 3935 potuerit.
418 3860 534 3919 Rectius
561 3861 654 3918 Henr.
684 3859 805 3936 Stepdo-
858 3872 970 3919 mentem
996 3865 1099 3920 rectius
1125 3866 1310 3938 expresseris,
1340 3867 1430 3924 cerdo

242 3960 303 4008 nus,
315 3950 342 3998 et
355 3961 390 4014 en
403 3951 490 4000 mente
504 3945 633 4011 auctoris,
650 3942 708 3998 Pro
723 3941 804 3998 Rho·
858 3937 897 4005 oie
923 3938 996 4000 εἶναι
1020 3940 1167 4016 Αἰγύπτου
1190 3944 1234 4001 dis
1259 3942 1379 4002 Latinis
1405 3950 1430 4004 si

242 4020 324 4095 dopis
348 4023 465 4098 quidem
489 4024 661 4080 conditione.
703 4020 804 4080 Posses
857 4022 1025 4093 reddideris,
1039 4024 1098 4080 Pro
1116 4024 1226 4099 reliqua
1239 4024 1368 4101 AEgypti
1387 4028 1428 4085 la·

235 4100 304 4173 fere
327 4103 367 4157 od
389 4104 499 4160 verbum
523 4104 651 4172 reddere,
671 4103 714 4160 Ut
737 4123 803 4178 quae
857 4103 989 4161 titudine.

243 4177 390 4254 Rhodopis
410 4191 503 4251 esset;
533 4193 560 4241 et
580 4183 691 4240 dreoios
712 4186 802 4253 etiam,
897 4183 936 4241 V.
951 4183 1009 4240 Pro
1019 4183 1148 4258 pleniore
1162 4184 1297 4242 locutione
1313 4180 1354 4250 ύς
1368 4185 1429 4263 ἐμοὶ

242 4266 270 4314 et
286 4259 330 4315 'od
348 4257 446 4317 Latini
465 4266 597 4320 sermonis
620 4283 696 4320 nsum
717 4267 803 4340 mopis
857 4261 967 4334 δοκέειν,
983 4267 1081 4322 omisso
1100 4262 1139 4330 ὥς
1151 4265 1298 4341 porticulo
1311 4266 1428 4324 δπσοὶυε

241 4338 450 4409 adcommodato,
483 4343 525 4397 Ut
555 4343 724 4418 Rhodopis:
761 4353 802 4400 et·
856 4341 1033 4422 dieituripot
1046 4342 1425 4424 δοκέειν,υυίδοκεέινε’μοί;

241 4420 321 4485 enim,
343 4436 437 4474 oerum
459 4421 485 4474 si
508 4426 624 4494 quaeris,
649 4423 802 4499 infinitivus
857 4425 935 4500 cujus
964 4428 1074 4502 peneris
1102 4426 1190 4500 pluro
1217 4426 1348 4502 exempla
1376 4427 1425 4486 ssd

240 4489 322 4552 εἶναι’
335 4498 363 4552 in
387 4499 587 4572 isto'sormolo
607 4505 801 4577 propemodum
856 4523 920 4562 ooee
934 4503 1046 4564 Δοκέειν
1059 4506 1166 4584 coliepi.
1211 4505 1262 4564 Sic
1273 4509 1309 4564 οιί
1325 4512 1427 4584 πολλῷ
