3174 5040
461 259 553 312 'EPI'
1103 257 1191 311 ΕΡΓ

202 417 217 438 -,
238 389 324 447 travit
341 388 414 454 haee,
430 386 471 444 iii.
489 391 555 443 155.
571 405 598 444 α.
613 381 697 461 ἔργον
711 380 801 460 ταρᾶ-
857 381 996 460 Impedit)
1020 403 1077 460 quo
1100 384 1195 442 minus
1214 395 1264 444 ete.
1286 385 1345 443 viii.
1366 387 1416 442 98.

237 465 326 540 βολον
333 465 484 545 ἔργασμαι,
493 467 533 524 ix.
544 471 591 524 45.
599 469 629 541 s.
640 463 802 538 2)Possioa
855 484 889 521 m.
904 465 951 522 ubi
968 463 1019 522 atti
1033 467 1143 564 guidem
1158 462 1241 542 ἔργει.
1262 464 1330 524 Vide
1349 464 1416 522 Ver.

237 553 354 608 notione.
370 545 410 626 μή
424 544 620 624 καταισχύνειν
633 542 669 604 τοὶ
681 543 802 622 πρόσθεν
856 545 935 602 Leet.
956 544 1056 610 αότονς
1081 545 1147 623 ἔρξε,
1171 543 1209 611 ὠς
1230 543 1420 610 κατασκόπους

237 627 407 705 ἐργασμένα,
421 630 499 686 Ante
521 637 592 697 asta,
609 629 667 684 Res
683 627 802 684 antehae
856 623 947 696 δῆθεν,
963 627 1105 696 Detinuit,
1121 627 1251 696 Inclusit,
1266 629 1302 685 In
1323 635 1419 685 custo·

239 719 342 785 gestas,
359 711 405 766 vii.
421 715 470 767 53.
487 728 514 765 ιι.
529 729 564 766 m.
857 707 904 764 dia
927 708 1065 777 retinuit3
1101 704 1169 784 (quo
1195 711 1319 786 refertor
1346 709 1421 784 qood

217 787 396 864 Ἐργαλιῖὁον,
412 786 451 858 τό,
463 787 567 864 (oomni.
578 783 741 865 ἐργαλεῖον)
750 788 801 844 In·
853 787 940 862 ρααίο
957 797 1023 863 post
1039 791 1088 857 att,
1106 785 1190 846 ἔλυσε
1209 785 1273 853 roric
1294 785 1421 864 Πέρσας)

238 879 431 928 strumentum
464 889 521 946 quo
555 870 618 944 quis
656 869 691 925 ad
730 888 801 944 opus
855 868 897 925 iii.
916 871 982 926 136.
991 871 1020 944 f.
1037 870 1084 926 ubi
1097 869 1270 946 nliiqeidens
1284 871 1364 945 ε’ίρξ.
1421 925 1422 928 ,

238 951 409 1016 faciendum,
430 952 476 1008 sel
493 950 529 1007 ad
548 950 738 1006 exercendam
752 969 800 1024 ¹or·
889 945 1043 1024 Ἐργεσθαι
1061 950 1139 1025 apud
1151 947 1285 1008 Nostrum
1298 969 1352 1006 non
1365 959 1421 1006 tem

238 1040 306 1101 tem,
321 1033 421 1089 utitur.
436 1027 512 1108 ἔχων
525 1027 605 1088 ου’δὲν
615 1026 730 1088 τῶνὸσα
741 1030 801 1104 περὶ
857 1026 986 1086 Passioo‘
996 1032 1103 1088 notione
1120 1033 1245 1106 ponitur,
1260 1051 1341 1107 quem
1360 1030 1420 1088 Re-

239 1108 290 1181 τὴν
304 1108 408 1188 τέχνην
422 1109 526 1187 (artem
543 1112 673 1168 medicum
693 1119 720 1167 et
741 1111 801 1168 ebi-
856 1112 977 1185 οἱρτοοα,
1006 1114 1086 1187 quusi
1107 1111 1214 1168 Aroere
1241 1131 1312 1179 sese,
1336 1112 1421 1169 Reti-

237 1191 389 1269 νιιτρίοαοι)
413 1190 471 1250 ἐστὶ
492 1189 639 1266 ἐργαλήια,
664 1191 705 1248 111.
734 1195 800 1250 131.
857 1209 925 1248 nere
952 1211 1023 1260 sese,
1046 1193 1077 1248 id
1104 1201 1152 1260 est,
1177 1191 1341 1250 Abstinere.
1370 1191 1421 1250 Sto

239 1293 274 1329 m.
559 1299 560 1302 ¹
855 1267 954 1346 ἔργετο
962 1268 1031 1330 lacsir
1039 1276 1088 1342 τῆς
1093 1277 1257 1372 Κυρηναίων
1268 1270 1373 1342 πόλιος,
1380 1273 1419 1330 iv.

218 1351 364 1429 Ἐργασίη,
388 1375 429 1422 ης,
453 1348 481 1422 ἡ,
506 1353 670 1430 Opifioium,
697 1352 801 1428 Opera,
860 1356 927 1409 164.
950 1372 984 1410 m.
1006 1351 1076 1410 Nor.
1097 1353 1213 1429 Ξερξης,
1240 1349 1277 1417 uic
1300 1351 1370 1410 rard
1389 1351 1420 1411 τό

239 1435 344 1491 Labor.
354 1431 410 1490 α’ττό
418 1432 552 1508 ἐργασίης
560 1428 763 1510 χειρῶνέτρεφε
772 1429 803 1489 τό
857 1428 946 1496 ἄλσος
958 1431 1079 1506 ἐγένετο,
1092 1431 1175 1498 αότός
1184 1457 1211 1492 τε
1219 1429 1315 1510 ἔργετο
1325 1433 1420 1504 αὐτοῦ,

239 1512 351 1571 παιδίον
368 1515 412 1570 καί
433 1511 544 1584 ἑωυτήν,
564 1513 617 1570 Vir.
632 1512 714 1570 Hom.
731 1518 759 1570 3.
774 1513 801 1570 b.
857 1513 902 1570 καὶ
928 1515 960 1592 τῇ
987 1517 1099 1596 στρατιῇ
1125 1511 1202 1594 πόσῃ
1233 1513 1420 1591 παρήγγειλε,

242 1593 301 1651 Sed
320 1596 398 1670 apud
410 1593 548 1652 Herodot.
568 1595 597 1650 ii.
620 1599 689 1652 135.
709 1614 736 1650 ο.
753 1594 803 1650 ubi
857 1613 953 1669 nempe
972 1589 1104 1670 ἔργεσθαι
1126 1593 1219 1664 αὐτοῦ,
1234 1596 1282 1652 vii.
1304 1597 1370 1655 197.
1388 1599 1419 1671 f.

241 1675 390 1752 Rhodopis
402 1675 540 1732 meretrix
559 1675 663 1732 dieitur
681 1671 738 1730 κατ’
757 1671 801 1750 ε’ρ-
858 1673 907 1732 Sis
914 1671 1082 1752 βουλόμενοι
1090 1673 1199 1745 θηλέων
1208 1672 1332 1754 βοῶνρή
1340 1672 1420 1752 ἔργε-

241 1759 347 1828 γασίην
367 1756 398 1812 in
419 1757 580 1831 AEgyptum
605 1756 724 1824 venisse,
749 1772 803 1812 nun
859 1757 933 1825 σθαι,
961 1757 992 1814 11.
1023 1761 1070 1814 18.
1098 1776 1133 1814 sn.
1163 1756 1265 1814 Latine
1286 1776 1339 1814 non
1365 1767 1420 1814 lam

239 1855 378 1893 manuum
411 1837 565 1912 opificium,
593 1845 643 1893 aot
672 1836 803 1893 honestae
856 1837 940 1893 reddi
958 1836 1052 1894 debuit
1072 1837 1249 1914 Cupiverunt
1273 1857 1331 1894 non
1351 1857 1420 1914 pro·

239 1917 387 1994 oujusdam
409 1917 477 1974 artis
504 1917 674 1974 exercitium
697 1913 803 1973 intelli·
856 1915 958 1986 biberi,
983 1937 1064 1994 quom
1087 1917 1240 1975 Abstinere
1266 1919 1422 1976 noluerunt

236 2001 323 2072 ριῗίιιτ,
332 1994 475 2066 οοθήἅπθ
483 1999 530 2054 τοῦ
539 1994 665 2074 σώματος
673 1995 802 2072 ἐργασία,
857 2016 907 2054 esu
938 1999 1026 2055 bourn
1052 1999 1245 2056 foeminarum.
1280 1998 1322 2056 Et
1348 2001 1421 2055 πολ-

241 2079 345 2154 Turpis
385 2087 512 2154 quaestus
550 2087 610 2134 arte
644 2078 804 2135 meretricia
857 2074 1421 2155 λῶνέτιτόξαντεςἔργεσθαι,ν.57.οεο1τ.

240 2159 398 2233 quaesitus3
428 2177 509 2234 qoam
531 2159 689 2214 artemide
712 2161 803 2215 stetim
852 2160 974 2234 perinde
987 2160 1070 2216 reddi
1081 2169 1182 2234 potest,
1196 2159 1337 2234 Imposita
1350 2179 1421 2217 eon-

240 2239 357 2314 qur'dem,
369 2242 530 2314 priusquam
541 2242 571 2294 in
582 2239 733 2295 libertatem
743 2241 803 2296 oin·
856 2239 964 2296 ditione
983 2248 1016 2296 ut
1033 2241 1164 2315 pluribus
1179 2239 1294 2316 juribus
1311 2240 1422 2298 Exclu-

240 2319 334 2374 ds'eutu
348 2328 396 2387 est,
412 2338 465 2376 οοιι
487 2338 536 2375 sno
555 2321 670 2387 nomine,
691 2320 741 2376 sed
752 2339 803 2376 rso-
856 2319 1001 2389 detentor,
1020 2329 1077 2386 out,
1101 2329 1135 2377 ut
1155 2321 1286 2397 pluribus
1307 2341 1422 2378 eommo-

239 2400 311 2454 mine
340 2397 430 2455 Samii
457 2400 561 2455 lenonis
592 2403 726 2468 eumeuii,
755 2401 803 2476 qni
858 2399 900 2456 dis
910 2398 1027 2476 (quibus
1033 2401 1205 2478 fruebantur
1215 2411 1321 2458 veteres
1332 2399 1422 2478 eires)

239 2478 360 2536 illumin
372 2478 622 2555 AEqyplumseeum
633 2481 801 2538 adduxerat.
856 2479 1053 2540 Abstinerent.
1081 2479 1189 2558 Ξέρξης
1198 2479 1348 2558 ἐργόμενος
1366 2485 1424 2541 τῶν

220 2555 389 2634 [Ἐργασταὶ
411 2569 511 2616 temere
533 2559 596 2616 olim
620 2561 721 2617 editum
743 2571 804 2618 erat
857 2556 968 2631 ἄλλων,
981 2563 1022 2619 ix.
1040 2567 1105 2620 108.
1128 2583 1155 2620 α.
1176 2560 1231 2637 (al.
1251 2582 1313 2638 esp.
1337 2560 1423 2639 107.)

235 2657 291 2715 ρνο
306 2638 427 2714 ἐρασταί,
439 2641 513 2716 quod
525 2639 616 2697 tedent
625 2643 725 2716 scripti
738 2641 805 2698 libri
856 2645 968 2716 passive
993 2643 1150 2720 ιὀἰοίίὲριιαί
1173 2645 1338 2720 interpretes
1365 2663 1422 2700 orn-

240 2739 352 2789 omnes;
375 2730 402 2778 et
421 2724 462 2778 sie
482 2731 556 2777 reete
576 2721 668 2778 editor
686 2723 751 2779 inde
769 2722 803 2779 ab
857 2741 915 2791 nes,
942 2724 1060 2781 Caeteris
1087 2725 1263 2800 prohibitus;
1301 2725 1423 2782 caeseris

240 2801 305 2857 edit.
320 2821 374 2859 seo.
391 2800 483 2858 Henr.
498 2800 595 2876 Stept.
857 2803 919 2867 viis,
931 2804 1028 2879 quibus
1039 2823 1087 2880 spe
1101 2825 1153 2862 suo
1161 2807 1311 2880 potiretur,
1321 2806 1421 2864 exolu-

219 2878 366 2956 Ἐργιίτης,
380 2905 412 2939 ου
423 2882 469 2939 uel
478 2905 521 2952 εω,
532 2879 558 2950 ό,
572 2883 737 2958 Operarius.
750 2885 804 2956 γῆς
857 2903 914 2940 sus.
952 2883 1011 2941 Sed
1034 2885 1076 2942 ιιίί
1101 2886 1224 2960 impedit,
1252 2904 1305 2962 quo
1331 2889 1422 2944 minus

240 2960 371 3036 ἐργάτης,
380 2963 523 3038 Agricola,
535 2964 573 3020 iv.
591 2967 655 3020 109.
668 2983 695 3020 α.
707 2983 734 3020 ν.
749 2967 804 3038 6.f.
858 2967 939 3020 etium
967 2966 1012 3022 ίιιό
1042 2966 1225 3042 ἱοίοίίὲροταοο
1252 2966 1420 3038 Abstinens,

219 3040 390 3117 Ἐργατικὸς,
411 3043 438 3113 ἡ,
461 3042 503 3112 όν,
526 3045 647 3111 Efficax,
672 3044 802 3112 Validus,
857 3044 1025 3103 Valedicens
1053 3048 1165 3104 oaeteris
1198 3047 1271 3115 riis3
1314 3065 1421 3124 nempe,

222 3123 379 3198 Magnam
399 3125 457 3180 vim
476 3125 592 3181 habens.
611 3126 738 3189 τοσοῦτος
751 3147 802 3180 ιτσ-
857 3143 910 3181 nee
932 3126 960 3182 vi
984 3128 1035 3196 uti,
1060 3147 1112 3184 neo
1139 3147 1224 3204 porro
1248 3128 1352 3184 frustra
1374 3147 1420 3185 so-

239 3202 326 3280 ταμθς
337 3205 381 3260 καὶ
389 3201 459 3260 οὕτω
467 3202 619 3280 ἔργατικός,
631 3205 660 3261 11.
671 3209 717 3262 11.
729 3215 801 3262 extr.
856 3205 966 3262 licitare
979 3209 1129 3264 mulierem
1143 3208 1249 3265 volens.

218 3281 358 3355 Ἐργότις,
374 3281 438 3352 ιδος,
455 3283 482 3353 η’,
501 3287 583 3358 soem.
602 3288 747 3360 pertinens
765 3286 804 3342 ud
901 3287 982 3362 Coris.
997 3285 1153 3364 Ἀττέργειν,
1174 3285 1323 3364 Ἐξέργειν,
1343 3293 1421 3346 Κατ-

240 3383 321 3422 mese.
338 3361 491 3438 ὁὲργότης.
501 3364 579 3422 Hine
588 3373 720 3438 γυναῖκες
734 3363 803 3423 οὕτω
857 3363 962 3442 ε’ργειν.

240 3439 393 3516 ἐργάτιδες,
419 3443 557 3501 Mulieres
581 3447 620 3502 ita
643 3447 802 3514 industriae,
830 3443 957 3521 Ἔργειν,
991 3449 1114 3504 Facere:
1148 3450 1221 3506 unde
1248 3448 1313 3507 Fut.
1341 3446 1419 3526 ἔρξω,

243 3523 332 3598 Operi
345 3523 474 3580 faciendo
484 3525 524 3580 ita
534 3525 663 3593 intentae,
674 3547 701 3583 v.
716 3531 764 3584 13.
772 3529 801 3602 f.
858 3527 949 3586 Prcet.
965 3527 1045 3585 Med.
1069 3524 1164 3604 ἔοργα,
1187 3539 1214 3587 et
1240 3529 1421 3588 Substantiou

213 3598 340 3678 Ἕργειν,
351 3613 377 3660 et
387 3600 521 3678 Ἑέργειν,
532 3601 607 3680 (Ion.
620 3608 640 3662 i.
649 3626 675 3682 q.
686 3604 803 3683 εέργειν)
855 3605 940 3684 ἔργον
949 3617 975 3666 et
982 3604 1080 3686 ἔργρα.
1092 3607 1146 3666 ὅσα
1154 3607 1236 3686 ἔρξαν
1246 3607 1418 3682 diruendum.

240 3683 358 3752 Arcere,
387 3684 553 3754 Prohibere,
582 3686 743 3744 Excludere
768 3688 802 3744 eb
858 3692 907 3746 65.
916 3687 1045 3766 fldlffl'ac
1058 3685 1104 3746 ola
1115 3686 1207 3766 ἔρξαν,
1220 3691 1325 3753 Qualia
1338 3693 1421 3750 nobis

239 3775 401 3840 rudperte,
417 3775 444 3822 et
460 3767 611 3824 Ineludere
632 3767 799 3842 aldeberte.
856 3770 1005 3837 feserunt;
1043 3771 1146 3832 Qualia
1172 3773 1203 3828 in
1224 3791 1276 3830 nos
1301 3773 1420 3829 commi-

239 3843 314 3922 (Sed
327 3847 497 3904 includendi
511 3851 618 3905 notione
638 3851 739 3924 spirito
754 3868 801 3906 es-
856 3860 973 3918 serunt3
1001 3851 1067 3912 Quo
1080 3859 1163 3927 pacto
1182 3853 1329 3918 nobiseum
1350 3873 1420 3930 ege-

237 3939 441 4000 perureretur,
457 3937 484 3986 et
496 3925 620 4004 Ὕργειν,
637 3933 709 3986 sieut
730 3949 801 3986 eom·
856 3941 933 3999 runt,
939 3932 987 3987 vii.
996 3936 1023 4000 8,
1036 3937 1065 3989 2.
1071 3935 1100 4008 f.
1113 3931 1203 4002 λήθην
1212 3931 1376 4011 ποιεόμενος
1384 3931 1421 3992 τά

238 4025 317 4063 mune
331 4005 447 4084 ἔόργειν,
460 4006 690 4085 pronunciatur.)
706 4013 802 4066 σιτίων
856 4033 906 4085 μιν
930 4008 1035 4086 ἐόργεε,
1058 4013 1171 4071 Oblitus
1193 4034 1259 4090 quae
1284 4015 1420 4072 adversus

239 4083 267 4142 dd
281 4085 344 4150 rode
357 4087 461 4152 παῖδας
480 4086 619 4164 ἐργόντων
638 4092 800 4166 Κορινθίων,
855 4091 936 4148 illum
969 4101 1138 4168 patraverat,
1172 4095 1193 4151 1.
1232 4096 1298 4157 127.
1330 4095 1354 4150 b.
1384 4094 1420 4152 In

240 4166 339 4227 Quum
367 4169 508 4225 Corinthii
534 4189 639 4245 pueros
661 4172 724 4228 illos
749 4191 800 4228 ex·
856 4170 952 4230 I’rces.
968 4183 1097 4249 ternpore,
1116 4195 1171 4251 ρτο
1189 4171 1292 4251 ἔργειν,
1316 4178 1345 4231 in
1367 4195 1420 4233 uss

216 4245 387 4305 ⁴eluderent
413 4249 563 4319 alimentis,
589 4251 736 4309 Alimenta
759 4252 800 4309 eis
857 4263 898 4309 est
918 4251 1029 4328 Ἕρδειν
1057 4255 1103 4311 uel
1124 4251 1221 4331 ἔρδειν,
1246 4256 1319 4333 quod
1345 4257 1418 4314 vide.

238 4336 386 4404 negarent,
408 4329 449 4386 iii.
471 4330 521 4385 48.
545 4348 580 4384 m.
602 4329 665 4395 τούς
687 4329 727 4403 μή
752 4329 802 4398 edi
854 4329 1012 4408 (Aornum
1038 4330 1102 4411 ἔρξα
1135 4337 1187 4394 olii
1220 4337 1329 4412 quidem
1358 4355 1420 4393 eom

237 4405 326 4483 ε’έργει
343 4405 383 4486 μὴ
399 4407 433 4465 ου’
453 4406 607 4466 κατανύσαι
624 4408 673 4466 τόν
691 4407 799 4486 δρόμον,
855 4412 933 4471 AEm.
949 4414 1035 4472 Porto
1055 4436 1073 4472 α
1093 4415 1189 4486 Proes,
1203 4414 1289 4484 ‘Pe'Co
1306 4419 1419 4492 ferrea·

212 4517 215 4520 ·
240 4487 321 4550 Quos
340 4509 398 4546 nox
416 4508 473 4545 non
493 4489 634 4564 prohibet,
653 4489 798 4566 (Retinet,
855 4503 910 4550 tum
931 4505 1055 4553 statuunt
1077 4497 1127 4553 ίιοο
1145 4497 1231 4567 modo,
1253 4495 1316 4554 Fet.
1339 4493 1418 4572 ῥέξω,
