3122 5040
482 277 577 332 non
1098 255 1206 322 110Λί

235 400 455 480 Πολεμαρχέειν,
471 405 534 460 vide
549 421 606 460 οοο.
623 421 679 478 seq.
874 396 1010 467 Ἀθηναίη
1025 395 1142 468 Πολιός,
1156 415 1184 456 v.
1201 400 1247 453 82.
1256 397 1284 472 s.
1298 391 1344 452 N.
1363 393 1452 469 Cons-

236 480 430 560 Πολέμαρχος,
452 481 478 551 ό,
502 482 720 550 Polemarehus;
743 481 821 555 apud
876 483 1042 557 Πολιοῦχος.

254 559 448 620 Athenienses.
461 560 606 640 ὁμόψηφον
620 560 668 620 τόν
679 557 819 638 πολέμαρ-
855 561 999 629 Πολίζειν,
1016 559 1146 617 Condere
1164 558 1274 614 urbem.
1294 555 1369 612 Non
1393 558 1452 611 nisi
1538 577 1539 590 ι

256 665 311 720 χον
324 641 466 700 ἐποιεῦντο
486 649 557 700 τοῖσι
577 647 766 718 στρατηγοῖσι,
783 643 818 697 vi.
875 643 904 698 in
919 639 1011 698 Proet.
1027 639 1110 696 Pass.
1125 641 1246 696 occurrit
1257 638 1308 694 ίιοα
1320 635 1449 702 verbnm,
1534 646 1539 681 ἔ

260 727 327 780 109.
349 743 377 780 ο.
400 721 443 779 Ν.
467 723 514 780 ubi
536 727 625 790 etiam,
643 720 658 779 ό
676 727 713 798 τῷ
727 719 820 798 κυόμιμ
876 722 953 795 apud
972 719 1143 777 Herodotum
1167 728 1248 787 certe,
1269 721 1310 774 itu
1332 717 1449 792 quidem

256 800 358 879 λαχιόν
397 801 557 871 Ἀθηναίων
606 800 819 878 πολεμαρχέειν.
875 798 959 865 πόλις
969 797 1135 857 πεπόλισται
1139 801 1207 873 sere
1216 798 1288 854 nibil
1296 797 1449 872 adindsiy-

1535 603 1539 646 ί

257 881 347 958 Apud
373 882 619 941 Laeedaemonios:
654 879 821 958 ἐστρατήγεε
876 882 981 956 nificat,
1003 884 1058 938 nisi
1079 880 1230 947 Sitaurbs‚
1246 879 1343 934 Situm
1360 877 1448 952 oppi-
1538 871 1539 896 ³

257 962 415 1033 Εὐαίνετος,
430 963 459 1021 ε’κ
472 968 527 1022 τῶν
541 960 728 1040 πολεμάρχων
743 961 821 1038 α’ραι-
876 962 945 1018 dum
960 970 1012 1018 est·
1026 959 1101 1038 ἔπ’ςί
1120 963 1234 1036 ποταμῷ
1250 960 1346 1014 Σοῦσα
1359 955 1448 1020 πόλις

257 1042 384 1118 ρημὲνος,
398 1045 446 1102 vii.
465 1047 530 1106 173.
546 1065 581 1100 m.
598 1042 640 1100 N.
876 1040 1051 1106 πεπόλισται,
1064 1061 1090 1098 v.
1106 1045 1154 1098 52.
1171 1049 1241 1096 eutr.
1257 1036 1385 1102 πόλιςέν
1396 1035 1447 1093 αῦ-

240 1122 392 1202 Πολιμέειν
405 1147 468 1194 τινι,
482 1126 593 1182 Bellum
607 1125 709 1190 fecere,
724 1132 751 1179 et
764 1119 822 1179 Πό-
877 1127 948 1178 τοῖσι
968 1119 1134 1178 πεπόλισται
1155 1119 1259 1188 ξυλίνη,
1275 1120 1311 1176 iv.
1331 1123 1402 1175 108.
1419 1138 1446 1174 α.

260 1208 352 1280 λεμος,
381 1224 436 1272 non
460 1205 537 1260 modo
570 1208 728 1262 universnm
755 1203 822 1260 Bel·
876 1200 908 1258 ἐν
919 1205 955 1278 τῷ
966 1198 1203 1278 (αἱγιαλῷ)Σόλη
1212 1196 1385 1256 πεπόλισται
1396 1197 1447 1254 πό-
1538 1209 1539 1222 ’

258 1285 328 1353 lum,
343 1285 394 1340 sed
411 1293 438 1341 et
455 1303 537 1342 unum
557 1285 703 1352 Praelium‚
717 1286 823 1358 passim
878 1285 995 1350 λις,ν11.
1011 1286 1059 1340 59.
1075 1285 1105 1355 f.
1130 1279 1179 1337 Sic
1200 1290 1227 1338 et
1248 1281 1294 1336 vii.
1321 1284 1394 1337 108.
1410 1299 1446 1334 οι.
1540 1315 1541 1334 ;

259 1366 337 1440 apud
348 1363 493 1434 Nostrum,
508 1375 538 1422 ut
551 1365 628 1440 οριιό
646 1364 715 1421 aiios
733 1366 824 1438 scrip·
878 1362 927 1419 vii.
946 1366 1012 1419 119.
1028 1383 1056 1420 ο.
1070 1361 1166 1418 Etiam
1181 1362 1215 1417 de
1229 1361 1370 1434 Regionis
1389 1360 1448 1416 situ

260 1453 342 1502 tores.
368 1444 497 1522 Sinynios
523 1445 595 1502 ineos
623 1453 734 1501 enotare
758 1463 823 1520 neq·
879 1452 1052 1517 αουτροίυτς
1085 1444 1141 1499 nisi
1163 1439 1358 1516 ἰοίείίίροτοιιε,
1382 1458 1447 1496 eon·

261 1527 328 1581 leni.
878 1522 949 1578 snite
964 1524 998 1578 de
1012 1523 1130 1579 Paeonia
1148 1531 1285 1598 tamqnam
1305 1521 1341 1576 de
1362 1528 1447 1576 nota-

242 1601 389 1681 Πολέμιος,
415 1602 441 1672 ό,
477 1601 508 1678 1)
536 1603 677 1662 Substant.
712 1605 822 1662 Hostis.
878 1603 928 1660 bili
949 1604 1019 1659 urbe
1037 1603 1138 1659 locutos
1160 1602 1223 1658 iilos
1244 1601 1367 1657 nomines
1388 1619 1448 1656 esse

262 1683 313 1740 Sic
326 1687 467 1759 accipiunt
485 1686 598 1741 etiami.
615 1685 662 1746 78.
676 1687 705 1760 f.
721 1682 823 1758 λέγον·
878 1685 927 1758 qni
937 1681 1029 1738 Dario
1039 1684 1178 1750 dixerunt,
1188 1679 1225 1746 οἷς
1234 1681 1275 1749 εἰή
1287 1677 1304 1748 ή
1316 1683 1448 1748 Παιωνίη

261 1787 315 1830 τες,
337 1763 425 1820 ’ίππον
445 1761 582 1840 πολέμιόν
604 1787 633 1821 τε
657 1759 758 1840 (εἶναι)
779 1766 823 1821 καὶ
878 1761 922 1819 ἐπὶ
931 1766 967 1839 τῷ
977 1761 1111 1840 Στρυμόνι
1120 1763 1233 1837 ποταμῷ
1243 1757 1447 1837 πεπολισμένη,

261 1841 403 1912 indivia:
419 1844 583 1920 nbiqnidam
594 1847 823 1919 reetinssortnsse
880 1863 904 1898 v.
921 1848 966 1900 13.
981 1864 1015 1900 οι.

262 1923 409 1999 Adjeetive
433 1925 580 2001 inteiiiqnu
603 1925 742 1982 Bellicum
761 1923 824 2000 (Ad
858 1920 1007 1992 Πολιήτης,
1023 1945 1066 1991 εω,
1080 1919 1106 1991 ό,
1121 1919 1195 1996 (Ion.
1214 1940 1269 1996 ρτο
1283 1940 1378 1977 comm.
1396 1944 1446 1977 πο-

262 2006 369 2061 beilum
411 2002 571 2080 pertinens)
615 2005 720 2062 animal
763 2025 824 2062 esse
879 2000 972 2073 λίτης)
1003 2005 1088 2066 Civis,
1117 2001 1277 2078 Popularis.
1309 1998 1447 2070 πολιήτης
1540 2019 1541 2036 ³

262 2103 377 2160 equum.
418 2086 519 2160 Equus
563 2087 642 2152 enim,
683 2085 825 2161 Lydorum
879 2078 1444 2161 πολιήτῃεῦπρήσσοντιφθονὲει,οἰί.237.

255 2165 374 2240 jndicio,
398 2168 445 2240 qni
465 2167 588 2242 eqnitntn
608 2168 664 2240 ipsi
682 2164 726 2235 (ut
749 2166 826 2222 docet
880 2183 913 2220 n.
928 2167 970 2228 τίς
988 2169 1059 2234 τοῖσι
1078 2161 1224 2240 πολιήτῃσι
1241 2159 1306 2238 δόξιρ
1324 2157 1411 2230 εἶναι,
1425 2163 1444 2218 i.

263 2243 369 2302 Noster
394 2245 410 2300 i.
434 2245 482 2306 79.
505 2243 593 2318 extr.)
611 2249 728 2302 manime
746 2246 824 2302 vale·
881 2245 930 2308 37.
939 2247 967 2319 s.
981 2245 1021 2301 ix.
1038 2249 1086 2302 33.
1095 2241 1181 2318 faio
1192 2239 1286 2306 ἐόντος
1296 2239 1445 2311 πολιήτεω,

264 2324 338 2392 bant,
352 2325 487 2382 bellicum
506 2327 623 2402 quiden,
638 2347 688 2383 nee
702 2345 767 2383 vero
785 2329 826 2382 ita
880 2343 944 2381 eum
959 2332 991 2381 tu
1005 2325 1042 2381 sis
1056 2331 1152 2381 noster
1171 2323 1323 2399 popularis,
1338 2323 1359 2379 i.
1380 2328 1446 2380 120.

257 2406 349 2480 facite
362 2406 472 2462 hostem
484 2409 574 2480 potnit
588 2409 771 2482 sinnifleune..
874 2407 902 2480 s.
916 2401 991 2462 ε’όντι
1005 2403 1076 2482 ήπίρ
1090 2401 1160 2461 nard
1177 2401 1239 2466 τοῦς
1253 2399 1399 2472 πολιήτας,
1414 2405 1445 2461 ii.

306 2482 338 2558 2)
347 2485 398 2541 Ad
412 2485 585 2560 Adjectinnm
606 2484 746 2564 πολέμιος,
759 2486 826 2543 Bel·
883 2489 949 2542 129.
962 2505 997 2542 m.
1015 2488 1131 2542 σεωυτοῦ
1144 2482 1288 2553 πολιήτας,
1298 2484 1340 2540 iii.
1358 2487 1405 2540 36.
1417 2503 1444 2541 α.

263 2564 344 2632 licus,
355 2567 478 2639 pertinet
494 2564 631 2634 Pluralis,
645 2567 680 2622 τό
697 2563 826 2643 πολέμια,
882 2570 930 2622 80.
946 2586 980 2622 nt.
996 2564 1022 2622 oi
1035 2568 1175 2634 πολιῆται,
1194 2566 1224 2621 ii.
1248 2569 1314 2621 160.
1332 2584 1369 2620 υι.
1390 2567 1446 2620 τῶν

265 2645 326 2701 scil.
342 2643 503 2721 πρήγματα,
518 2646 711 2704 Resbeliicae.
726 2643 761 2703 rei
777 2670 827 2703 πο·
880 2643 1043 2715 πολιητέων,
1058 2647 1089 2703 ii.
1115 2647 1181 2706 167.
1203 2665 1238 2702 m.
1260 2645 1301 2702 iii.
1327 2647 1395 2702 150.
1416 2665 1444 2702 a.

263 2721 540 2801 λε’μιαᾶλκιμος,ἰίἰ.
555 2731 626 2783 4.ο.
643 2726 684 2784 N.
699 2727 828 2784 sibinen·
881 2727 929 2783 vii.
947 2731 1012 2784 155.
1027 2746 1061 2782 m.
1076 2736 1102 2782 et
1122 2735 1173 2782 cet.
1192 2725 1227 2782 In
1245 2721 1383 2782 πολιτέων
1401 2735 1445 2781 tn·

265 2803 337 2862 nulii
350 2803 645 2883 ηοῦοίεοιτόπολεμικό
655 2811 827 2882 preessent,
881 2823 951 2875 men,
975 2806 1077 2882 absque
1096 2829 1122 2874 η,
1145 2808 1316 2864 consentiunt
1340 2815 1447 2862 veteres

260 2905 357 2961 nempe
371 2905 406 2942 ex
420 2885 530 2943 scholio.
547 2890 604 2945 τῶν
619 2885 828 2963 περιοικεόντων
882 2885 956 2956 libri,
980 2888 1054 2962 qnod
1076 2889 1161 2943 sciam
1181 2905 1271 2944 omnes
1293 2886 1314 2942 i.
1340 2889 1392 2943 96.
1414 2890 1444 2961 f.

265 2963 301 3022 τό
321 2965 440 3044 πολέμια
461 2965 600 3044 ἀμείνους,
621 2988 648 3026 v.
670 2969 718 3030 78.
741 2987 768 3026 ο.
793 2964 827 3024 τό
876 2985 932 3042 pro
958 2987 1010 3042 qno
1033 2970 1155 3042 formam
1182 2963 1289 3023 Nostro
1315 2969 1446 3022 usitatam

264 3043 386 3119 πολέμια
400 3045 485 3122 κάρτα
498 3045 615 3125 δόκιμος,
625 3069 652 3106 v.
664 3053 730 3106 111.
744 3068 770 3104 a.
782 3047 830 3104 nbi
881 3045 1034 3116 πολιητέων
1040 3055 1194 3122 posuerunt
1201 3046 1309 3121 Schaefl
1319 3055 1346 3104 et
1355 3043 1444 3103 Borb.

265 3129 381 3184 miratus
414 3147 472 3184 snm
508 3128 654 3204 Seitaefero
686 3129 829 3204 placuisse
881 3145 947 3203 qnos
962 3137 988 3184 et
1001 3147 1049 3204 ερο
1062 3130 1140 3204 sequi
1153 3127 1309 3184 debueram.

266 3204 415 3282 πολεμήϊα,
440 3210 513 3284 qnod
536 3211 565 3266 in
587 3229 641 3266 nno
663 3210 723 3266 eod.
747 3207 826 3266 Vind.
862 3205 1045 3282 Πολιορκέειν,
1072 3209 1221 3265 Obsidere.
1249 3205 1308 3263 Ρτο
1332 3209 1445 3282 πολιορ-

265 3295 327 3342 erat
340 3296 488 3362 repertum.
882 3285 1012 3365 κεόμενοι,
1036 3290 1056 3346 i.
1083 3293 1133 3346 26.
1159 3309 1185 3345 ο.
1212 3287 1293 3344 οοιίό.
1320 3287 1446 3344 nonnulii

308 3363 340 3440 3)
364 3367 445 3425 Alibi
463 3370 571 3443 quidem
589 3369 766 3446 Αιίήεοίίουιο
779 3391 830 3426 πο·
882 3365 986 3442 (nescio
999 3388 1036 3425 nn
1051 3371 1131 3425 etiam
1145 3365 1258 3444 piures)
1271 3365 1444 3444 πολιερκεῦμ.

267 3441 363 3520 λέμιος
387 3449 525 3523 siginificat
549 3451 630 3506 etium
653 3450 828 3519 Contrarius,
878 3451 1052 3523 praeferunt.
1066 3447 1132 3506 Fut.
1148 3449 1216 3506 med.
1232 3445 1444 3526 πολιορκησόμε·

266 3525 465 3584 Adversarius.
488 3525 535 3584 διίο
549 3527 583 3584 τοί
596 3527 726 3606 μέγιστα,
747 3526 830 3586 ἐόντα
883 3551 925 3584 νοι
939 3528 1033 3586 lonico
1047 3547 1120 3586 more
1131 3531 1247 3605 ροοεῦοο
1265 3532 1374 3586 notione
1390 3548 1444 3604 ρτο

267 3625 308 3662 τοι
321 3605 524 3685 πολεμιώτατα,
535 3609 583 3667 vii.
599 3611 647 3672 47.
660 3619 732 3667 extr.
745 3619 771 3666 et
782 3614 829 3667 48.
881 3611 1111 3686 πολιορκηθησομ.
1136 3612 1259 3684 ponitur,
1287 3629 1314 3667 v.
1341 3613 1390 3666 34.
1415 3629 1442 3667 α.
1540 3649 1541 3658 ι

267 3707 285 3744 a

267 4265 295 4303 0.
864 4255 1020 4329 Πολιορκίη,
1043 4249 1070 4323 ή,
1096 4254 1224 4323 Obsidio,
1247 4272 1274 4309 v.
1298 4257 1348 4310 34.
1363 4256 1392 4328 s.
1418 4262 1442 4309 et

248 4327 432 4405 Πολεμιστής,
447 4327 472 4400 ὁ,
487 4332 552 4388 vide
565 4351 623 4389 υοο.
634 4353 726 4409 ρτιεο.
884 4334 960 4390 alibi.
978 4333 1060 4407 Conf.
1076 4331 1197 4403 Πολλός,
1212 4351 1284 4390 num.
1301 4335 1329 4395 7.

247 4403 417 4486 [Πολεμοῦιη
433 4412 496 4470 vide
509 4411 719 4491 Ἐκπολεμοῦν.]
864 4417 1031 4492 Πολιοῦχος,
1046 4412 1070 4484 ό,
1085 4411 1112 4483 ἡ,
1129 4415 1239 4472 Urbem
1261 4423 1369 4482 tenens,
1384 4413 1438 4471 Ur·

249 4487 364 4560 Πολιάς,
390 4488 465 4562 dioc,
491 4489 517 4562 ή,
545 4495 632 4552 Urbis
656 4494 782 4550 tutatrix.
811 4491 827 4562 ή
882 4497 925 4553 bis
959 4515 1073 4570 praeses.
1108 4495 1243 4565 Ἀθηναίη
1277 4496 1439 4570 Πολιοῦχος,

288 3727 295 3743 .
883 3687 941 3746 Ρτο
955 3687 1214 3766 πολιορκεομένοεσι,
1224 3691 1266 3746 ix.
1280 3689 1348 3751 117.
1358 3709 1384 3746 a·
1395 3713 1444 3746 πο-
1540 3691 1541 3774 ᾗ

248 3766 474 3846 Πολεμιστήριας,
503 3769 636 3840 Bellicus,
664 3771 738 3828 Belli
764 3771 830 3828 usui
882 3767 1032 3845 λιορκέουσι
1055 3771 1224 3836 mainerum
1250 3770 1301 3826 sed
1323 3769 1365 3826 nit
1387 3789 1442 3827 mn·
1540 3799 1541 3830 ι

266 3849 433 3908 destinatus
449 3850 529 3908 ’ίπποι
542 3848 628 3927 πόρεξ
646 3854 701 3908 τοῖν
715 3854 830 3928 πολεμι-
882 3858 943 3908 tunt
956 3851 1023 3907 iibri
1035 3848 1189 3927 ἐπολιόρκεε
1207 3846 1258 3919 τήν
1272 3853 1409 3919 Μίλητον,
1422 3851 1441 3906 i.
1540 3871 1541 3926 j

267 3933 394 4004 στηρίων,
409 3931 426 3987 i.
444 3934 510 3988 192.
532 3951 567 3988 οι.
588 3930 629 3989 Ν.
650 3931 698 3989 nbi
715 3935 829 4008 πολεμι-
886 3932 932 3993 17.
956 3951 983 3988 ο.
1004 3951 1057 3989 non
1079 3932 1113 3988 de
1135 3951 1202 3988 veru
1223 3931 1379 3988 Obsidione
1400 3933 1442 3987 in-

267 4006 362 4077 στέων,
378 4029 396 4066 ο
411 4010 489 4088 Siny.
505 4009 763 4090 όΠολεμιστής,οοο
773 4011 830 4069 Αί-
883 4011 1026 4087 ίείίῦρῦίυν,
1061 4031 1126 4087 qnce
1159 4012 1229 4070 ibid.
1267 4007 1329 4087 (snb
1356 4013 1442 4086 finem

268 4087 334 4143 dina
367 4095 508 4148 renouauit
540 4091 623 4150 Wess.
651 4090 728 4166 (uide
762 4091 828 4150 Van.
883 4089 960 4166 ουρ.)
981 4089 1078 4168 ἐπέδρη
1100 4093 1212 4160 dieitur,
1227 4092 1279 4148 sed
1295 4093 1330 4148 'de
1343 4092 1442 4149 Incur-

267 4164 362 4242 Lect.)
376 4169 576 4248 πολεμιστήρια
587 4171 707 4251 ἅρματα,
718 4193 745 4231 v.
761 4177 826 4230 113.
883 4174 990 4229 satione
1005 4180 1034 4229 et
1046 4173 1204 4230 vastatione
1217 4191 1362 4248 agrorum.
