3122 5040
394 244 473 298 ΟΤΙ

160 369 447 438 nerePronominisi'c
456 397 506 442 τις,
516 382 726 430 reetemonuere

164 451 358 520 Οκοουοοὶὶοἱ,
373 457 402 511 iu
417 455 460 512 lis
475 454 649 532 Hoopeoeen,
661 473 723 529 cop.

160 534 260 591 xxxvi.
280 537 305 604 l,
327 539 353 592 1.
379 534 442 598 Quo
463 555 498 593 en
519 537 624 612 oripine
645 553 726 612 quum

162 615 335 691 intelliputur
349 618 430 672 etium
444 619 586 674 uariorum
597 617 727 692 loquendi

153 697 343 769 formularum
363 699 445 764 ratio,
466 701 496 754 iu
517 697 614 772 quibus
632 699 727 772 porti-

162 775 227 832 eulo
251 773 292 833 ὅτι
314 777 470 846 adhibetur,
491 778 584 838 multis
608 779 636 834 iu
661 777 727 833 loeis

163 855 243 932 lonpe
254 859 415 914 commodius
425 855 440 914 ὅ
452 881 477 915 τι
490 868 540 915 out
552 855 577 926 ὅ,
588 881 614 915 τι
629 859 727 915 diuisis

163 937 275 994 ooeilus
290 939 415 997 sorilnnt
427 939 584 996 subtiliores
598 939 726 1008 editores,

164 1037 245 1093 quom
267 1039 323 1076 unu
343 1039 408 1076 oooe
428 1016 479 1088 ὅτι,
502 1022 543 1076 uti
565 1019 644 1096 oulpo
663 1019 698 1094 pl
714 1053 727 1064 ·

163 1117 277 1174 rumque
286 1099 464 1176 plnpelmtur.

206 1178 255 1236 Sis
285 1177 316 1254 1)
340 1181 388 1237 ubi
410 1181 427 1238 ὅ
450 1205 475 1238 τι
501 1181 569 1247 Cur,
599 1181 665 1242 Qua
692 1181 727 1237 de

163 1279 271 1328 caussa,
287 1263 354 1322 Quo
372 1262 490 1318 consilio
503 1262 650 1338 sipuisleut,
665 1280 727 1318 reo·

165 1343 221 1398 tius
244 1343 339 1416 utique
359 1345 509 1418 separatim
531 1343 598 1398 duae
620 1341 728 1398 ooeulae

120 1459 124 1466 -
164 1421 341 1479 scribentur:
365 1433 405 1479 est
419 1427 489 1479 enim
503 1423 604 1480 talibus
618 1425 647 1478 in
663 1422 729 1479 loeis

163 1499 180 1558 ὅ
204 1526 237 1558 τι,
253 1503 376 1578 elliptiee
398 1504 499 1560 dietum
519 1523 573 1579 pro
597 1499 642 1560 διὰ
666 1500 682 1558 ὅ
703 1527 728 1559 τι

166 1583 210 1639 uel
230 1581 287 1638 κατ’
310 1580 326 1640 ὅ
344 1607 379 1650 τι,
400 1605 474 1660 quae,
490 1584 583 1640 Ionieo
597 1603 727 1653 sermone,

167 1664 237 1720 idem
251 1663 345 1722 oulent
362 1684 396 1721 αα
415 1661 460 1726 δια
478 1666 512 1732 τὶ,
528 1662 596 1722 κατὰ
610 1669 654 1732 τίς
673 1683 728 1738 pro

167 1744 264 1820 quibus
278 1745 404 1802 similiter
418 1748 447 1802 iu
462 1748 593 1802 communi
606 1764 729 1802 sermome

157 1829 327 1902 frequenter
353 1827 426 1882 nude
453 1827 478 1884 τὶ
506 1827 599 1884 eodem
623 1830 730 1884 notione

167 1917 341 1982 usurpatur:
365 1907 460 1983 Ipsum
478 1904 535 1964 κατ’
552 1905 567 1964 t
586 1930 612 1964 ιι
630 1907 730 1982 lepitur

166 1985 479 2064 11.3.α.εῖρωτεα1μειιος
490 1986 547 2044 κατ’
560 1985 576 2044 ὅ
590 2011 615 2044 τι
629 1984 731 2062 προθύ-

167 2091 224 2144 μως
235 2065 304 2124 οὕτω
314 2066 466 2126 ἐπέστειλε.
481 2067 597 2125 Nudum
607 2065 621 2125 ὅ
636 2091 661 2124 τι
672 2087 732 2124 eum

166 2149 244 2218 alibi,
259 2159 313 2206 tum
328 2151 357 2205 iu
371 2150 467 2206 luisse:
490 2149 583 2224 ε’έρετο,
604 2146 619 2205 ὅ
638 2173 664 2206 τι
682 2172 732 2224 μιν

166 2227 237 2287 οὕτω
263 2229 408 2306 προθύμως
436 2241 487 2288 ete.
513 2231 531 2286 i.
557 2234 623 2286 111.
646 2250 672 2286 α.
695 2250 729 2286 m.

167 2307 308 2387 εἰρομένου
322 2308 351 2368 δέ
365 2335 415 2387 μευ
429 2309 443 2368 t
460 2335 486 2368 τι
506 2321 553 2389 σφι
566 2307 732 2386 μούνοισι-

168 2388 732 2454 καὶὸτιείο.11.91.1ο.111.27.11.ὅτι

168 2470 197 2530 δέ
215 2473 262 2530 οὐκ
280 2471 377 2530 αὐτίκα
396 2471 526 2550 μάχομαί
544 2495 595 2542 τοι,
614 2469 672 2546 ἐγώ
688 2473 732 2528 καὶ

145 2604 147 2608 .
167 2557 244 2610 τοῦτο
264 2551 402 2631 σημανέω,
422 2556 460 2611 11.
484 2556 549 2629 127.
570 2575 597 2611 u.
631 2553 684 2610 Bis
703 2555 732 2609 r'u

168 2637 262 2692 endem
282 2637 385 2710 plorusi
405 2631 556 2710 punituri
577 2659 603 2692 τι
624 2636 660 2692 vi.
682 2639 730 2691 55.

168 2716 251 2772 semel
260 2719 368 2774 notione
380 2717 427 2772 τοῦ
440 2714 497 2773 κατ’
511 2713 526 2773 ὅ
540 2739 574 2782 τι,
586 2717 654 2784 Cur,
667 2715 733 2776 Qua

169 2797 205 2854 de
227 2817 334 2864 caussa,
356 2801 415 2854 siue
436 2799 502 2858 Qua
524 2797 643 2865 ratione,
667 2797 733 2856 Quo

168 2885 269 2954 puet03
285 2879 385 2934 deinde
398 2879 507 2934 notione
519 2877 652 2952 simplicis
662 2895 732 2952 pro·

168 2961 294 3027 nominis,
318 2959 405 3024 Quid,
429 2958 586 3019 Quaeres.
612 2955 673 3013 ὅτι
695 2953 732 3026 δὲ,

169 3037 261 3103 ε’όντες
272 3037 431 3112 Αἰγύπτιοι,
441 3040 485 3094 καὶ
498 3036 512 3095 ὅ
527 3061 552 3095 τι
563 3033 733 3112 α’ποδεξάμε-

171 3116 370 3188 nou-illudunt
382 3117 431 3182 nde
443 3115 609 3191 βασιληΐας,
620 3113 734 3174 ἄλλοισι

1025 236 1079 291 ΟΥ

780 365 897 436 στεινὸν,
911 367 950 424 ix.
964 370 1011 424 13.
1021 368 1049 440 s.
1067 362 1134 430 Sed,
1149 356 1269 416 omnibus
1284 351 1342 408 istis

780 452 809 506 in
835 449 900 506 loeis
918 445 1071 522 formulam
1093 440 1136 500 ὅτι
1162 437 1200 514 μή
1224 435 1343 512 proprie

781 529 930 604 Quidquid
948 547 1005 586 non
1023 525 1190 603 sipnifioure,
1212 517 1342 608 adeoque,

781 612 909 686 oripinem
923 609 1067 666 locutionis
1080 608 1106 662 si
1119 609 1233 678 spectes,
1247 597 1344 654 divisis

782 688 920 747 ooeibusi
938 713 964 748 τι
982 685 1021 765 μή
1035 689 1167 761 seriptum
1182 678 1343 756 oportuisse,

782 791 863 848 quum
883 790 938 845 per
959 789 989 826 se
1009 774 1121 844 poterut
1143 760 1269 834 intellipi,
1290 765 1345 812 tum

783 852 887 928 liquido
904 852 944 927 fit
965 851 1140 923 manifestum
1165 863 1199 900 eu
1224 838 1345 916 eopnatis

782 933 912 1009 loquendi
930 929 1072 1006 formulis,
1095 931 1125 984 in
1149 923 1246 1000 quibus
1270 917 1346 974 obest

782 1015 910 1090 nepetino
927 1009 1078 1088 porticulo,
1098 1007 1183 1063 ueluti
1203 1005 1233 1059 ii.
1251 1004 1299 1057 60.
1313 999 1343 1072 s.

783 1089 976 1172 συμφοιτέουσι
995 1087 1023 1147 δέ
1042 1087 1058 1146 ὅ
1076 1111 1102 1146 τι
1120 1081 1190 1160 α’νὴρ
1210 1083 1253 1138 καὶ
1273 1073 1347 1151 γυνή

781 1171 849 1241 ἔστι,
864 1173 1045 1230 Conveniunt
1058 1165 1197 1245 quidquid
1207 1163 1250 1219 vir
1265 1168 1348 1216 estet

782 1255 908 1322 foemina,
918 1257 963 1310 ie.
972 1253 1130 1310 viriomnes
1139 1245 1345 1316 mulieresque:

782 1337 829 1392 not
846 1353 996 1411 pro-nomen
1015 1333 1141 1388 neutrius
1159 1325 1269 1403 poneris
1287 1317 1304 1377 d
1323 1342 1348 1376 τι

781 1419 907 1491 refertur
920 1416 958 1472 od
976 1415 1029 1470 duo
1046 1409 1217 1469 substantioe
1232 1419 1346 1480 quorum

782 1499 900 1554 alterum
913 1494 1059 1552 masculini
1074 1491 1184 1568 poneris
1206 1493 1254 1550 est,
1275 1482 1346 1538 olte-

781 1597 843 1634 rum
856 1577 1009 1652 foeminini.
1054 1570 1189 1630 Similiter
1203 1565 1272 1622 olibi
1288 1566 1346 1618 sin-

778 1658 879 1735 pulore
893 1654 908 1713 ὅ
922 1681 947 1714 τι
960 1658 1085 1730 refertur
1099 1651 1137 1709 ool
1149 1647 1347 1705 substantivum

779 1738 894 1814 plurale
900 1761 910 1806 ;
933 1737 1019 1794 oeluti
1033 1734 1110 1810 opud
1123 1729 1328 1802 Xenophontem
1336 1746 1345 1792 ;

783 1817 798 1876 ὅ
812 1843 838 1876 τι
848 1816 902 1896 μέν
913 1813 950 1874 ἂν
964 1814 1026 1897 δοκῇ
1037 1813 1104 1892 ἡμῖν
1115 1813 1163 1881 τῆς
1175 1803 1348 1874 δικαιοσύνης

784 1897 855 1976 ἔργα
869 1895 952 1966 εἶναι,
968 1895 1123 1954 Memorulr.
1139 1893 1175 1948 iv.
1191 1895 1219 1958 2,
1237 1893 1283 1945 13.

826 1977 859 2055 3)
876 1978 1015 2054 Elliptieu
1030 1977 1128 2033 loeutio
1143 1981 1183 2029 est
1196 1967 1237 2027 ὅτι
1251 1965 1346 2044 τάχος,

785 2063 844 2118 siue
871 2063 982 2128 rectius,
1011 2059 1109 2114 diuisis
1138 2051 1251 2117 voculis,
1279 2045 1294 2104 ὅ
1323 2071 1348 2102 τι

785 2139 883 2219 ια’χος,
903 2141 949 2198 not
967 2139 1131 2213 intellipitur
1148 2135 1165 2192 ὅ
1182 2157 1207 2190 τι
1229 2125 1348 2186 δυνατὸν

786 2221 863 2280 ἐ’σται
878 2222 922 2278 uel
938 2217 953 2277 l
967 2244 992 2277 τι
1006 2216 1153 2288 δυνήσεσθε
1168 2208 1237 2270 κακέ
1251 2206 1348 2286 ια’χος,
1367 2266 1371 2274 ,

787 2314 836 2360 out
849 2303 937 2360 simile
952 2301 1113 2378 quidpiam,
1136 2297 1167 2353 id
1186 2303 1234 2363 est,
1255 2292 1348 2352 Quid-

787 2384 856 2460 quid
870 2382 1014 2440 valueritis
1028 2381 1179 2438 eeleritate.
1193 2372 1210 2431 d
1224 2397 1249 2430 τι
1263 2368 1349 2447 τάχος

788 2463 918 2540 στρατιήν
931 2460 1079 2520 ἐκέλευσαν
1093 2456 1180 2538 ὑμέας
1191 2450 1349 2529 ἐκπέμπειν,

788 2547 827 2604 ix.
841 2549 868 2608 7.
875 2549 904 2621 f·
920 2544 991 2602 Alio
1005 2544 1111 2618 ellipsis
1125 2541 1212 2598 locum
1227 2534 1307 2592 lubet
1321 2535 1351 2589 in

787 2625 980 2703 istosorrnulo,
988 2621 1004 2681 ὅ
1013 2649 1039 2682 τι
1049 2619 1137 2680 πλέον
1145 2614 1180 2690 ἦν
1191 2613 1349 2687 ἣέλασσον,

788 2709 836 2765 111.
856 2712 920 2764 184.
935 2726 969 2763 m.
986 2705 1033 2762 ubi
1046 2703 1210 2779 intellipitur
1223 2696 1255 2754 ου’
1269 2697 1351 2768 λογί-

789 2790 874 2864 ζομαι
892 2796 940 2844 out
959 2785 1068 2862 aliquid
1083 2784 1149 2842 tole.
1192 2779 1258 2835 Non
1273 2796 1351 2834 com-

788 2877 867 2944 puto,
891 2868 956 2928 Non
977 2867 1038 2942 jum
1061 2884 1130 2922 cuso
1154 2863 1183 2918 id
1209 2858 1285 2934 quod
1307 2855 1352 2912 vel

788 2951 852 3026 plus
871 2957 915 3005 est
934 2947 979 3004 vel
998 2947 1113 3013 minus;
1140 2960 1220 3019 quom
1239 2941 1268 2994 in
1288 2957 1351 2992 sen·
1410 2965 1415 2972 -

789 3032 899 3086 tentiam
918 3027 1020 3084 Latino
1038 3043 1161 3082 sermone
1180 3019 1352 3094 compendio-

788 3115 846 3168 sius
861 3111 942 3166 etr'om
957 3109 1080 3175 dicimus,
1097 3105 1175 3170 Plus,
1190 3101 1295 3158 minus.

170 3201 283 3276 εἴρηται,
300 3203 366 3261 Qua
384 3203 493 3257 ratione
510 3219 587 3268 vero,
603 3199 735 3273 AEgyptii
768 3186 933 3265 Ὀτραλέως,
974 3188 1163 3245 Festinanter.
1199 3177 1353 3256 ἐπέδραμεν

170 3301 236 3338 cum
253 3290 356 3347 essent,
376 3290 405 3338 et
423 3282 526 3356 quibus
544 3282 629 3336 rebus
648 3279 734 3354 gestis

787 3267 933 3347 ὀτραλέως,
953 3268 1005 3326 Vll.
1021 3267 1104 3326 Hom.
1122 3269 1170 3322 21.
1186 3284 1213 3321 a.

170 3358 378 3437 (Doriensium)
401 3381 491 3436 regna
510 3360 679 3436 acceperint,
699 3359 734 3415 ab
770 3353 822 3420 Ου’,
846 3352 921 3414 Νοο,
941 3347 1086 3426 porticulo
1107 3365 1219 3423 nepuns.
1246 3339 1353 3417 κατώρα

171 3443 233 3500 aliis
247 3444 409 3518 expositum
423 3449 475 3498 est.

211 3521 245 3598 2)
269 3523 387 3580 Monent
414 3521 603 3590 Grummotioi,
628 3518 669 3578 ὅτι
696 3518 734 3597 μή

171 3605 243 3662 idem
257 3605 351 3661 volere
365 3624 398 3661 oo
412 3601 488 3672 πλὴν
507 3599 533 3672 ἢ,
550 3603 622 3672 Nisi,
639 3603 669 3658 Si
683 3623 734 3658 ex-

169 3687 266 3762 cipias.
310 3685 368 3752 Sto,
391 3681 587 3761 ου’δαμοὶν-ὅτι
610 3679 649 3757 μή
674 3687 735 3738 Χῖοι

169 3769 275 3843 μοῦνοι,
291 3765 311 3822 1.
328 3771 374 3822 18.
384 3769 413 3842 s.
429 3763 470 3822 ὅτι
485 3761 540 3839 γὰρ
554 3763 592 3840 μή
607 3761 734 3831 Ἀθῆναι,
759 3811 764 3818 .

170 3841 206 3917 ἦν
224 3844 305 3904 ου’δέν
323 3843 396 3903 ἄλλο
415 3844 542 3921 πόλισμα
564 3841 694 3920 λόγιμον,
714 3844 733 3900 1.

173 3933 239 3986 143.
249 3949 283 3984 m.
294 3925 380 3990 οὐδεὶς
391 3924 551 4002 ἀνθρώπων,
563 3922 603 3981 ὅτι
613 3922 653 4002 μή
664 3921 736 3996 γυνὴ

171 4006 268 4084 μούνη,
283 4009 302 4064 1.
320 4013 387 4065 181.
401 4011 430 4082 f.
445 4005 557 4082 ου’δεμίη
576 4002 653 4072 ἄλλη
674 4003 735 4060 ἐπι-

172 4087 283 4168 στροφὴ,
292 4089 334 4146 ὅτι
347 4085 386 4164 μή
400 4086 429 4144 ε’κ
442 4092 489 4144 τοῦ
501 4083 567 4148 Διὸς
580 4089 694 4162 μοῦνον,
704 4085 734 4140 11.

175 4176 221 4228 13.
238 4179 310 4227 extr.
326 4165 368 4226 ln
383 4166 439 4244 γαρ
452 4164 490 4246 μή
505 4166 530 4223 οἱ
545 4169 737 4241 Συρακουσίων

172 4247 318 4328 γενόμενοι
333 4247 472 4326 τύραννοι,
484 4244 544 4305 οὐδὲ
560 4241 600 4311 εἷς
614 4251 670 4304 τῶν
684 4243 737 4302 ἅλ-

172 4336 231 4390 λων
252 4329 329 4396 ἄξιός
349 4329 407 4388 ἐστι
429 4339 479 4387 eto.
503 4329 543 4385 iii.
567 4332 633 4385 125.
654 4349 682 4384 α.
702 4345 737 4382 m.

789 3436 849 3490 πᾶν
863 3429 916 3510 μὲν
929 3429 961 3488 οὗ
974 3427 1005 3488 τὸ
1019 3424 1211 3505 στρατόπεδον,
1224 3425 1272 3482 111.
1286 3429 1353 3481 208.

790 3535 824 3572 m.
841 3512 883 3570 N.
910 3510 939 3587 l)
953 3512 1088 3570 Abundat
1099 3511 1200 3586 juncto
1214 3526 1273 3564 eum
1291 3502 1353 3584 odl-

790 3600 844 3659 είςε
861 3604 899 3660 ut,
909 3592 941 3651 ου’
949 3591 1044 3670 μέντοι
1053 3583 1356 3668 ἕφασανᾶποθνήσκειν

790 3673 898 3743 οὐδένα,
919 3676 947 3730 11.
968 3679 1018 3732 63.
1041 3681 1111 3728 eutr.
1140 3668 1285 3734 Similiter,
1308 3664 1356 3722 οὐκ

789 3755 899 3834 ’ἔφασαν
917 3751 1043 3823 ποιήσειν
1062 3752 1150 3808 ταῦτα
1168 3743 1286 3822 ου’δαμᾶ,
1304 3745 1353 3802 111.

794 3841 860 3894 136.
883 3853 908 3891 α.
929 3855 964 3891 m.
1008 3833 1077 3889 Item
1098 3835 1127 3888 in
1148 3832 1202 3885 isto
1217 3826 1353 3902 formula,

791 3913 871 3974 ου’δὲν
892 3909 1045 3992 μᾶλλονῆ
1069 3909 1109 3980 orl,
1134 3911 1167 3966 de
1192 3927 1247 3984 qua
1268 3927 1356 3983 supro

792 3999 935 4055 dietumin
950 3992 1051 4052 Μάλα.
1120 4031 1125 4040 ·

834 4073 867 4150 2)
887 4074 1019 4151 lunpitnr
1038 4093 1097 4130 eum
1115 4068 1163 4150 μή.
1179 4067 1249 4128 ὥστε
1268 4066 1300 4126 ου’
1317 4065 1358 4146 μή

794 4154 1023 4226 διασκεδασθῆναι
1034 4153 1085 4224 τήν
1094 4150 1234 4228 στρατιὴν,
1241 4152 1300 4208 1111.
1309 4153 1356 4212 57.

787 4243 817 4316 s.
833 4239 880 4296 ubi
893 4237 945 4294 olii
958 4233 1027 4294 dore
1042 4233 1127 4312 priori
1142 4244 1193 4292 eto.
1219 4232 1358 4307 Elliptioo

795 4321 913 4398 quodum
926 4322 1034 4376 notione
1048 4318 1149 4376 dietum
1169 4324 1209 4372 est
1228 4314 1311 4382 istud,
1327 4311 1359 4368 ol

173 4410 341 4478 οὐδεὶς-ὄτι
356 4409 394 4488 μή
407 4415 494 4486 Κῦρος
504 4409 661 4486 μοῦνος,111.
674 4412 738 4466 160.
796 4399 852 4478 γοὶρ
873 4395 910 4476 μὴ
930 4397 1085 4468 dudonem,
1108 4398 1175 4454 Non
1196 4402 1239 4452 est
1257 4412 1359 4452 veren-

173 4516 199 4552 α.
224 4491 384 4559 ἀπάλλαξις
407 4491 454 4549 οὐκ
476 4485 520 4561 ἦν,
545 4487 586 4550 ὅτι
607 4488 646 4566 μή
671 4485 740 4546 και-α’
796 4486 865 4542 dum
885 4501 920 4540 ne
939 4482 988 4539 illa
1007 4479 1148 4556 repudiet,
1164 4478 1183 4534 i.
1202 4479 1268 4532 199.
1285 4494 1318 4532 m·
1328 4477 1360 4548 s,
