3122 5040
468 277 562 333 non
1083 278 1182 336 11οΛ

243 404 344 484 ἀνδρδς
361 405 531 484 αἰνεόμενος,
545 409 565 464 1.
582 409 631 466 98.
651 427 679 466 u.
700 403 807 471 πολλδς
851 412 916 486 ίαν.
940 401 1076 464 Similiter
1089 405 1189 464 dictum
1203 414 1243 462 ert
1256 403 1340 468 illud,
1355 407 1433 461 πολ-

243 486 359 546 ένέκειτο
372 485 466 562 λέγων
478 485 579 556 τοιαίδε,
591 488 639 546 vii.
654 490 721 545 158.
731 507 757 544 ο.
763 484 804 544 Ν.
861 481 914 540 utu
928 482 1099 560 ἐπεκράτεον,
1114 487 1153 543 vi.
1172 490 1237 544 188.
1251 505 1286 542 m.
1315 483 1433 542 Eodem

244 569 291 626 ubi
310 567 416 633 πολλδς
437 566 481 643 (ut
499 571 600 624 monuit
624 564 725 642 Wess.)
742 567 805 624 Ad·
856 568 989 640 pertinet,
1003 567 1077 642 quod
1085 563 1194 623 πολλὰν
1203 569 1309 642 possim
1320 566 1433 622 itaud-

243 650 350 706 iectum
374 659 404 706 et
428 649 635 706 vehementiam
663 650 803 724 exprimit.
860 645 978 714 bibetur,
994 656 1024 704 ut
1037 645 1167 704 Latinum
1186 647 1321 708 Multum,
1344 665 1433 722 quum

244 728 388 798 Similiter,
403 727 509 794 πολλδς
523 723 557 798 ἦν
574 725 749 804 λισσόμενος,
763 729 803 786 ix.
861 725 988 782 Multum
1008 727 1143 784 interesse
1167 727 1291 783 dicimus.
1313 723 1433 802 ἔφασαν

243 812 293 866 91.
308 829 335 865 a.
350 819 376 866 et
389 806 494 873 πολλός
507 803 542 880 ἦν
554 807 586 866 ἐν
600 815 671 866 τοῖσι
684 806 804 881 λόγοισι,

244 884 291 946 oio
315 887 400 966 κάρτα
425 887 561 968 δεόμενος,
585 890 679 946 Multa
701 907 805 964 magno

243 988 309 1026 cum
333 971 445 1027 adiectu
469 971 650 1035 verberent,
673 970 731 1026 viii.
754 973 803 1026 59.

243 1069 270 1106 u.
282 1049 535 1126 quodpluuioribus
544 1051 635 1107 uerbis
643 1052 692 1117 uit,
704 1045 805 1122 ἔλεγον

242 1129 346 1198 πολλδ,
360 1126 406 1186 oio
420 1129 504 1204 κάρτα
519 1129 648 1205 δεόμενοι,
658 1131 700 1186 111.
713 1134 761 1187 46.
774 1149 802 1187 a.

283 1207 316 1285 5)
330 1209 469 1268 Neutrum
487 1209 596 1268 πολλδν
616 1210 738 1267 absolute
750 1229 804 1284 po·

240 1291 317 1346 uitur
326 1294 415 1348 uariis
423 1292 516 1348 modis.
529 1288 676 1348 τὸπολλὸν
687 1287 805 1362 ἡγέαται

242 1369 360 1447 ίσχυρδν
371 1367 454 1434 εἶναι.
467 1373 503 1428 In
513 1373 696 1428 multitudine
707 1372 803 1427 existi·

242 1461 321 1508 ment
331 1453 423 1509 inesse
434 1453 528 1519 robur,
538 1453 558 1508 i.
573 1456 640 1509 136.
651 1471 676 1506 α.
688 1449 803 1511 Plurul.

242 1528 277 1586 rd
318 1529 412 1587 πολλά
452 1528 555 1600 πάντα,
597 1530 802 1598 abuerbt'aliter,

243 1610 484 1685 Frequentissime
526 1619 555 1667 et
598 1612 802 1686 maximopere.

242 1687 364 1764 Ἀργεῖοι
385 1687 618 1766 κα1”Αργος(1α
642 1691 804 1748 Homericis

241 1768 428 1846 carminibus)
438 1768 473 1828 rei
488 1767 580 1827 πολλὰ
592 1768 686 1827 πάντα
699 1768 804 1847 ὑμνέα-

241 1873 296 1918 ται,
311 1870 338 1907 v.
355 1854 404 1911 67.
424 1871 451 1907 a.
471 1851 517 1908 ubi
534 1852 668 1908 commode
686 1852 804 1907 reddere

236 1933 339 2005 possin,
350 1932 421 1988 Fere
430 1951 487 1988 non
497 1932 552 1988 nisi
561 1932 663 2006 Argivi
671 1939 701 1988 et
708 1932 803 2007 Argos

240 2010 415 2080 laudantur3
456 2013 677 2087 quemadmodum
711 2007 802 2080 ἔθνεα,

241 2089 276 2146 τά
290 2092 385 2147 πολλιδ
397 2088 490 2148 πάντα
499 2090 653 2167 (Pleraque
664 2111 701 2148 ex
711 2100 802 2166 parte,

242 2170 314 2227 Fere
342 2191 398 2229 non
426 2169 495 2246 nisi)
522 2170 569 2228 α’π’
601 2171 671 2240 ὕλης
703 2169 803 2246 ἀγρίης

242 2248 358 2320 ζώοντα,
386 2253 406 2309 1.
437 2257 506 2310 203.
535 2251 572 2308 ru:
596 2251 735 2328 AEpyplil‚
768 2248 803 2308 nd

239 2331 335 2390 πολλα
348 2329 449 2401 πάντα,
466 2333 612 2407 Plerisque
627 2333 758 2388 omnibus
772 2333 803 2388 in

239 2413 333 2482 rebus,
368 2415 520 2470 contrarios
551 2413 616 2468 aliis
652 2412 803 2469 bominibus

859 804 966 862 nontin
977 803 1050 864 εἶναι
1061 803 1167 864 αὐτέων
1176 804 1206 863 τὸ
1217 805 1313 883 μέσον,
1322 807 1343 861 1.
1357 811 1431 863 126.

861 905 892 942 m.
905 885 931 942 oi
944 884 1042 959 Μάγοι
1054 885 1233 964 κεχωρίδαται
1247 883 1359 944 πολλδν
1370 891 1433 943 τῶν

860 963 959 1023 ἄλλων
973 965 1136 1042 ἀνθρώπων,
1148 968 1167 1024 1.
1186 972 1250 1024 140.
1260 986 1294 1022 m.
1308 969 1377 1028 172.
1389 988 1430 1024 m.

901 1045 934 1121 6)
955 1046 1092 1124 Denique,
1113 1057 1144 1105 ut
1162 1049 1191 1104 in
1208 1051 1343 1104 communi
1363 1067 1431 1104 ser·

858 1147 935 1184 mone
952 1127 1055 1185 Graeco
1072 1128 1284 1202 Comparatinis,
1303 1147 1338 1184 αο
1359 1128 1431 1184 eub-

859 1209 924 1264 inde
943 1211 1023 1265 etiarn
1041 1208 1238 1284 Superlutiuis,
1257 1205 1330 1264 πολι1
1350 1209 1430 1283 onlji-

859 1291 940 1356 eitur,
955 1290 1026 1346 idem
1039 1308 1072 1345 uc
1086 1292 1182 1366 πολλῷ
1197 1288 1302 1355 οσίτηο,
1318 1288 1430 1358 Multo,

858 1367 953 1444 longe,
977 1372 1018 1426 sic
1044 1367 1153 1425 πολλὸν
1176 1369 1254 1443 opud
1275 1366 1428 1426 Nostrum.

857 1447 966 1506 πολλὸν
976 1446 1115 1518 ἐλάσσων,
1127 1449 1146 1505 1.
1158 1451 1206 1510 77.
1214 1467 1242 1506 u.
1254 1445 1364 1505 πολλὰν
1373 1446 1429 1507 ‹in-

859 1525 1003 1605 κιμιέτερος
1020 1531 1076 1586 τῶν
1094 1525 1249 1604 προγόνων,
1267 1530 1287 1585 1.
1311 1534 1380 1586 103.
1395 1550 1427 1587 u.

857 1605 950 1684 ἄχθεα
961 1606 1141 1684 δυνατώτεραι
1151 1606 1262 1665 πολλδν
1272 1605 1377 1684 φέρειν,
1384 1611 1427 1666 111.

860 1693 926 1745 102.
952 1698 1024 1746 eutr.
1046 1689 1093 1746 ubi
1112 1691 1211 1766 πολλῷ
1233 1691 1282 1745 nic
1302 1692 1353 1744 uni
1377 1699 1428 1746 aut

859 1769 962 1826 duobus
976 1769 1114 1826 codicibus
1125 1789 1160 1826 eu
1174 1769 1277 1826 scholio
1287 1770 1424 1826 odbaesit.

860 1846 1424 1926 Sedrobbqidyerue'orepocteueutsrmnes,

857 1929 876 1984 1.
891 1933 957 1986 134.
970 1949 996 1985 ο.
1008 1931 1081 2006 quod
1088 1930 1237 2006 respondet
1244 1931 1426 2004 precedenti

858 2009 957 2066 ibidem
970 2007 1161 2084 ὑποδεέστερος
1174 2007 1273 2085 ὀλίγῳ.
1309 2009 1425 2067 Rursus

859 2108 933 2156 vero,
956 2089 1103 2164 Α’ίγυπτον
1126 2089 1236 2148 πολλὰν
1258 2087 1426 2166 δουλοτέρην

857 2167 985 2239 ποιήσας,
1006 2171 1053 2227 vii.
1074 2173 1102 2232 7.
1117 2190 1151 2226 m.
1173 2191 1208 2226 ec·
1226 2170 1425 2247 plerorumque

858 2249 988 2306 librorum
1003 2270 1157 2318 eonsensu;
1180 2259 1206 2306 et
1219 2247 1329 2307 πολλὸν
1344 2249 1423 2326 κρέσ-

858 2352 924 2398 σων,
939 2331 995 2387 viii.
1013 2334 1078 2388 136.
1086 2334 1113 2406 s·
1128 2326 1237 2387 πολλόν
1250 2354 1276 2388 τι
1294 2328 1424 2407 μάλιστα

857 2407 981 2477 πάντων,
996 2411 1096 2486 Longe
1110 2412 1234 2468 maxime
1248 2413 1389 2480 omnium,
1404 2414 1422 2469 i.

239 2510 326 2547 mores
341 2493 556 2561 hereminae.
571 2512 598 2548 u.
614 2489 688 2566 (Sed
701 2489 801 2548 πεσόν·
858 2494 907 2547 56.
924 2511 951 2548 o.
966 2493 1016 2547 sed
1032 2494 1130 2568 πολλῷ
1146 2495 1303 2557 πλείστους,
1320 2491 1423 2567 Longe

239 2593 294 2627 των
313 2569 341 2628 δέ
360 2577 415 2628 τῶν
429 2570 543 2628 πάντων
556 2574 679 2637 πολλῶν,
691 2591 719 2628 v.
734 2577 800 2630 120.
855 2571 1002 2646 plurimos,
1016 2591 1043 2628 v.
1064 2575 1113 2636 92,
1129 2578 1155 2630 5.
1171 2583 1243 2629 eutr.
1265 2570 1331 2635 νέας
1349 2576 1422 2629 πολ-

240 2660 381 2708 extr.·non
399 2654 538 2728 sipnisncat
556 2653 587 2709 id
606 2653 678 2728 quod
695 2654 802 2726 impru-
856 2653 896 2727 λῷ
908 2655 1052 2720 πλείστας,
1067 2653 1127 2710 viii.
1144 2657 1192 2710 42.
1206 2661 1278 2710 ectr.
1295 2651 1421 2710 Subinde

240 2731 308 2787 dens
335 2733 458 2808 equidem
485 2736 514 2789 iu
541 2731 645 2790 Lutinu
677 2735 802 2790 versione
855 2750 920 2787 nero
938 2735 1029 2796 etium,
1048 2751 1103 2807 pro
1121 2731 1239 2800 πολλόν,
1258 2752 1421 2789 communem

236 2816 329 2887 posui,
358 2812 494 2870 Cecidere
524 2814 653 2890 plerique
680 2831 798 2883 omnes3
847 2813 969 2886 formum
987 2813 1060 2868 πολιί
1078 2821 1172 2881 tenet‚·
1196 2823 1234 2882 ut,
1254 2815 1328 2882 νηῶν
1346 2812 1422 2870 noui

241 2911 344 2959 uerum,
381 2894 553 2951 Ceciderunt
591 2913 630 2950 ex
669 2895 801 2950 omnibus
853 2889 989 2962 πλεόνων,
1004 2893 1053 2949 vii.
1072 2897 1138 2950 160.
1153 2913 1188 2950 m.

239 2969 358 3049 (nempe,
380 2993 418 3031 ex
439 2975 570 3031 omnibus
590 2969 687 3048 sociis)
707 2974 800 3043 multi,
896 2969 929 3047 7)
960 2972 1179 3048 Comparationis,
1209 2969 1317 3042 Πλέων,
1349 2993 1417 3050 pen.

238 3064 295 3123 uut,
315 3064 346 3111 ut
368 3053 464 3112 Vulele.
484 3057 683 3130 interpretatus
703 3063 752 3122 est,
770 3055 800 3110 in
853 3049 970 3117 πλέονος
989 3063 1016 3110 et
1034 3063 1121 3110 contr.
1138 3056 1268 3118 πλεῦνος.
1311 3051 1418 3112 Neutr.

236 3135 401 3191 universum
419 3136 530 3209 multi.)
571 3133 683 3192 Rursus
697 3132 800 3210 Siupu-
853 3130 950 3202 πλέον,
963 3142 1100 3191 contracte
1113 3136 1221 3191 πλεῦνι
1235 3133 1318 3190 κεινοί
1331 3131 1421 3209 (quod

237 3213 308 3270 laris
318 3213 435 3285 πολλὰν,
447 3216 548 3292 absque
559 3215 684 3282 articulo,
694 3216 801 3289 passim
854 3212 1059 3288 adnotaverim)
1070 3217 1168 3270 πλεῖον
1180 3223 1272 3270 tenent
1281 3213 1348 3270 libri
1361 3233 1419 3271 om·

237 3295 362 3368 refertur
388 3297 427 3352 uel
458 3295 598 3371 Tempus:
634 3304 673 3363 ut,
701 3291 739 3357 οἱς
771 3291 800 3350 δέ
853 3313 902 3350 nes
914 3294 934 3350 i.
949 3298 1015 3352 192.
1026 3313 1061 3350 m.
1077 3293 1234 3352 Masculini
1242 3304 1268 3351 et
1273 3297 1421 3368 foeminini

237 3371 347 3429 πολλδν
366 3378 444 3432 τοῦτο
462 3371 579 3448 ἐγίνετο,
597 3375 632 3432 Id
647 3394 736 3451 quum
750 3375 800 3431 diu
850 3377 961 3450 pencris
976 3375 1102 3449 exemplu
1113 3376 1148 3431 de
1161 3374 1252 3432 uubis
1261 3394 1358 3450 pauca
1371 3377 1418 3433 bie

236 3453 407 3522 factitarent,
421 3456 459 3511 iv.
478 3459 544 3512 126.
560 3475 587 3512 α.
612 3453 661 3512 Sic
675 3451 800 3530 κατέχων
852 3455 1004 3530 subjiciam.
1044 3454 1137 3512 Genit.
1157 3457 1225 3530 einp.
1244 3457 1374 3520 πλεῦνος,
1395 3458 1416 3514 1.

236 3528 345 3589 πολλόν
368 3531 431 3598 τοδε
454 3531 568 3602 ἄλλους,
590 3535 650 3591 Diu
670 3535 800 3591 detinens
854 3537 903 3598 97.
927 3555 954 3592 o.
978 3539 1047 3592 202.
1070 3554 1105 3592 m.
1129 3545 1155 3592 et
1176 3535 1293 3592 Foemin.
1319 3538 1419 3612 πολλῷ

224 3621 365 3682 -caeteros,
392 3615 515 3671 Multam
538 3634 647 3672 morem
670 3615 799 3690 injiciens
852 3612 1419 3691 πλεῦνοςεῦτυχίης,111.40.α.Μυιουίι”τιί

235 3695 356 3765 centenis,
371 3695 407 3751 vi.
426 3699 491 3752 129.
507 3716 534 3752 ο.
570 3694 651 3752 Alibi
669 3696 708 3751 ad
724 3693 799 3770 Spu·
853 3695 934 3752 uliud
951 3715 966 3752 e
980 3694 1086 3752 Nostro
1101 3696 1253 3771 exemplum
1266 3697 1334 3752 citet
1349 3695 1417 3752 Sui-

234 3776 300 3831 tium
315 3779 447 3852 refertur,
464 3785 489 3833 et
504 3776 630 3833 Multum
645 3776 709 3844 viae,
721 3775 798 3832 Lon·
853 3775 904 3832 dus
917 3772 990 3850 (voe.
1004 3773 1143 3850 Πλεῦνος)
1157 3776 1320 3852 hujusmodi,
1335 3773 1373 3840 είς
1387 3775 1417 3834 δέ

235 3873 304 3930 gum
319 3857 374 3914 iter
386 3858 535 3934 eipnificut.
550 3853 579 3913 ἐκ
597 3860 646 3925 τῆς
660 3853 798 3932 Κολχίδος
851 3858 898 3912 τοῦ
909 3857 1029 3920 πλεῦνος
1037 3853 1125 3913 ἐδέετο
1136 3853 1153 3925 η’
1163 3859 1313 3931 πολιορκίη,
1322 3854 1416 3926 α’πηλ-

235 3932 797 4011 οιίπολλδνῦπερβῆναιέςτῆνΜηδικῆν,1.
851 3933 1011 3993 λα’σσοντοε
1044 3955 1109 4012 quce
1137 3935 1221 3993 verbu
1248 3936 1358 3994 ubinam
1385 3940 1416 3995 in

238 4013 375 4073 104.ιν.τδ
384 4013 798 4092 ἔθνοςτοῦτονέμεταιτὴνπρδς
851 4015 946 4073 Musis
960 4015 1096 4092 lepontur,
1111 4017 1178 4074 mibi
1191 4035 1264 4073 nunc
1282 4035 1335 4074 nun
1349 4037 1414 4075 suc-

234 4092 275 4161 ἡῶ
283 4092 378 4170 χιίρην
388 4099 436 4165 τῆς
447 4093 560 4171 Σύρτιος
570 4093 618 4154 οὐκ
625 4094 670 4153 ἐπὶ
679 4093 796 4165 πολλδν,
850 4100 948 4154 currit.
955 4095 1135 4174 Accuseinp.
1143 4093 1176 4154 oti
1183 4098 1292 4154 πλεῦνα
1300 4094 1414 4174 miron,

233 4173 264 4229 11.
278 4178 326 4230 32.
341 4195 368 4232 u.
385 4195 419 4232 m.
462 4176 503 4234 Et
523 4178 587 4235 iude
608 4177 691 4234 dueta
711 4186 796 4234 metu·
849 4177 890 4234 ix.
913 4179 1023 4252 llus.
1042 4179 1138 4235 sedet
1157 4174 1205 4234 τδν
1226 4173 1344 4254 στρατδν
1365 4175 1415 4236 riu

231 4253 325 4329 plroru
338 4275 347 4310 :
370 4252 497 4329 α’πέφυγε
515 4253 624 4314 πολλδν
638 4255 737 4332 (longo
750 4258 795 4314 in·
848 4254 935 4327 πλέω,
946 4258 984 4314 vi.
998 4262 1047 4314 28.
1059 4267 1129 4315 eutr.
1142 4267 1167 4315 et
1179 4253 1231 4327 enin
1242 4256 1318 4316 πλέω
1330 4282 1414 4335 στρα-

236 4331 368 4410 tervallo)
400 4333 463 4399 τούς
495 4333 650 4405 διιίκοντας,
680 4339 716 4394 vi.
746 4341 794 4394 82.
849 4335 920 4406 min,
945 4338 981 4394 vi.
1007 4343 1055 4396 81.
1080 4359 1108 4396 ο.
1135 4336 1306 4397 .Νοιυι’πο1.
1330 4340 1412 4416 plur.

235 4425 308 4473 ectr.
337 4415 385 4473 ubi
409 4416 446 4484 de
472 4417 668 4492 persecutione
700 4437 795 4474 coram
849 4421 975 4485 πλεῦνες,
991 4419 1100 4489 Plures,
1120 4420 1140 4476 i.
1161 4425 1206 4476 82.
1222 4439 1257 4475 m.
1272 4420 1302 4476 ii.
1320 4424 1367 4478 63.
1382 4441 1410 4476 ιι.

229 4495 335 4569 judice,
348 4498 382 4554 de
395 4497 533 4555 intentata
545 4499 595 4555 lite
609 4497 721 4570 capitoli
735 4500 794 4572 ορὶ-
851 4497 910 4555 Sed
926 4497 951 4555 οί
970 4501 1097 4570 πλεῦνες,
1117 4501 1210 4577 Major
1229 4520 1303 4575 pers,
1319 4501 1411 4558 Pleri-
