3174 5040
463 257 544 310 Elll
1075 253 1162 306 Elll

239 391 332 464 Prope
351 389 434 454 fores,
449 387 490 442 iii.
514 387 560 440 16.
580 384 608 456 f.
626 381 673 439 ubi
692 381 800 456 quidem
855 390 951 451 matre,
960 385 1127 458 praepositio
1137 381 1183 438 ἐπὶ
1196 379 1323 438 similiter
1331 379 1414 435 intel-

237 458 801 546 ἐνθάρῃσιλαὸοοιιιοααιιῑίἰ.θεμισιάρην
854 463 904 538 lipi
930 463 1009 520 debet
1034 482 1069 518 ac
1092 465 1121 519 in
1145 462 1196 520 illu
1217 460 1344 537 formula
1369 457 1416 516 ἐπὶ

237 541 699 624 τὴνὲπὶθερμάδοντιποτιιμῷ,Αι1
708 541 800 598 Ther·
853 545 952 600 παισὶν
972 546 1112 617 τελευτᾷν.
1140 543 1222 600 Immo
1247 560 1321 608 uero,
1347 559 1415 616 quo·

239 631 404 688 modontem
442 625 571 691 fluvium,
606 623 643 678 iv.
680 625 729 678 86.
764 640 799 677 m.
855 625 929 680 nium
950 620 996 698 (ut
1015 633 1079 698 post
1101 623 1261 679 Hemsterb.
1277 621 1316 678 od
1331 619 1414 676 Diui.

241 707 337 786 (Alibi
359 703 428 781 ὑπὲρ
451 707 576 781 ποταμοῦ
600 705 650 770 uit,
674 710 743 776 puto
767 701 802 756 de
855 701 945 760 Mori.
963 704 1008 760 vii.
1029 710 1054 760 l.
1070 702 1250 760 Hermoauus
1269 701 1360 757 docuit
1378 701 1419 756 ud

240 789 400 864 urbequum
413 787 524 882 fluuius
540 783 655 840 medinm
672 783 801 859 perfluit,
859 781 950 858 Viper.
979 782 1085 841 Adnot.
1111 788 1138 853 3,
1161 780 1227 856 97.)
1255 783 1335 838 etium
1359 781 1418 836 dici

241 859 801 941 ΜαγνησίηηὺπὲρΜαιάνδροιιποτομοῦ,
855 864 958 940 uliquis
973 873 1062 938 potest
1077 860 1185 944 ζῇνὲπὶ
1199 861 1305 930 παισὶν,
1321 880 1418 936 nempe

240 950 281 1006 iii·
304 953 371 1004 122.
394 948 436 1020 d)
452 943 559 1013 στήλας
579 939 678 1011 ἔστησε
700 939 748 998 δύο
761 939 803 997 ἐπ’
855 945 960 1002 Vivere
987 944 1091 1000 liberos
1116 944 1278 1011 habentem,
1303 937 1418 1018 φεύγειν

240 1027 322 1104 αὐτῷ,
337 1027 397 1084 scii.
418 1029 454 1102 τῷ
476 1021 616 1100 Βοσπόρῳ,
631 1023 679 1080 Ad
692 1022 802 1097 Bospo-
855 1021 900 1080 ἐπὶ
912 1025 1026 1092 τέκνοις,
1038 1024 1178 1080 Exeulere
1192 1023 1296 1080 relictis
1304 1022 1417 1078 liberis:

241 1129 315 1176 rum,
338 1108 367 1164 in
388 1107 449 1182 ipsa
471 1125 521 1162 ora
544 1105 627 1168 illius,
647 1104 685 1160 iv.
702 1102 753 1163 87.
775 1121 802 1158 o.

241 1189 288 1245 ubi
301 1187 409 1264 quidem
423 1189 512 1242 teneri
529 1182 571 1240 ἐπ’
589 1182 673 1240 αὐτοῦ
687 1185 716 1240 in
731 1201 804 1238 eum·

242 1269 302 1326 dem
324 1268 483 1326 sententium
503 1272 643 1340 potuerat,
665 1272 805 1338 utsupra

241 1350 333 1406 monui
353 1347 402 1404 sub
422 1344 484 1402 Ἐπὶ
500 1365 560 1402 cum
577 1343 670 1400 Genii.
686 1362 757 1400 num.
775 1347 803 1400 3.

247 1427 302 1486 Ubi
321 1429 355 1484 de
378 1425 481 1500 Sinope
499 1425 567 1482 urbe
587 1424 710 1498 loquitur
727 1421 804 1478 Nos-

242 1521 294 1577 ter,
306 1511 347 1564 ait
357 1504 488 1573 Σινάπην
498 1501 550 1574 την
559 1503 591 1560 ἐν
601 1502 671 1576 (nou
681 1500 741 1574 ἐπὶ)
749 1499 805 1558 Eu’-

226 1589 321 1664 turp
335 1583 435 1662 πόντῳ,
455 1586 475 1641 i.
498 1586 546 1646 76.
568 1604 596 1642 ιι.
619 1593 645 1639 ei
665 1583 695 1639 il.
712 1587 761 1640 34.
778 1582 803 1639 0.

242 1668 357 1732 scilicet,
372 1667 498 1742 quoniam
520 1667 549 1721 in
569 1662 719 1740 peninsula
740 1681 804 1718 con-

856 1106 1015 1162 sententiom
1030 1103 1169 1160 Herodoti
1182 1103 1202 1160 i.
1218 1123 1242 1160 α.
1258 1102 1334 1158 baud
1347 1101 1419 1157 mule

857 1187 1027 1259 expressisse
1041 1185 1163 1252 uidebor,
1178 1186 1218 1240 sic
1233 1183 1372 1248 vertendo,
1389 1182 1419 1237 ls

857 1284 946 1340 quum
960 1265 1048 1321 filiam
1061 1265 1180 1322 haberet
1196 1272 1287 1320 matre
1309 1263 1418 1330 orbem,

857 1346 941 1402 aliam
956 1345 1039 1402 duxit
1052 1363 1181 1402 uxorem.

897 1421 931 1498 4)
946 1425 1025 1492 Post,
1035 1434 1090 1481 tom
1101 1424 1192 1500 quoad
1201 1421 1328 1498 Tempus,
1340 1441 1421 1498 quum

858 1506 949 1580 quood
967 1502 1080 1562 Locum.
1102 1503 1150 1561 Sic
1163 1501 1208 1560 ἐπὶ
1220 1499 1334 1572 τούτοις,
1351 1503 1422 1559 Post

858 1586 930 1653 haec,
949 1594 976 1641 u
996 1586 1067 1642 Post
1088 1585 1150 1652 bos,
1164 1586 1193 1641 A
1211 1592 1294 1658 tergo
1306 1584 1419 1640 horum.

859 1663 1072 1741 Nonnumquam
1094 1668 1184 1733 etium,
1199 1663 1275 1720 nulio
1295 1672 1422 1738 respectu

244 1749 304 1804 dito
326 1756 366 1802 est
388 1764 452 1822 pure
476 1747 506 1801 in
530 1743 674 1801 Euxinum
692 1752 806 1818 pontum
861 1745 955 1802 dubito
970 1745 1015 1802 uel
1033 1744 1175 1821 Temporis
1189 1744 1234 1800 uel
1247 1741 1325 1811 Loci,
1340 1743 1422 1818 (per-

245 1829 379 1894 cucurrit,
394 1835 424 1882 ut
438 1825 515 1882 docet
534 1827 594 1899 ipse
615 1824 653 1880 iv.
680 1827 727 1880 12.
746 1819 806 1878 ἔστι
860 1826 924 1884 inde
947 1844 982 1882 uc
1005 1822 1073 1900 πρὸς
1095 1845 1155 1882 cum
1177 1822 1297 1899 Dotion)
1311 1824 1423 1881 Praeter

243 1905 286 1964 ἐπ’
299 1904 368 1986 αὐτῇ
381 1907 429 1986 (τῃ
443 1900 602 1985 Λακωνικῇ)
614 1903 696 1972 νῆσος
707 1900 805 1960 ε’πικει-
860 1905 997 1962 redditur.
1022 1905 1071 1962 Sic
1084 1906 1104 1962 i.
1121 1910 1169 1962 45.
1185 1925 1212 1961 d.
1228 1902 1270 1960 ἐπ’
1285 1903 1424 1986 ἕκείνῃτῇ

244 1984 324 2064 με’νη,
338 1988 387 2043 vii.
408 1990 476 2044 235.
501 2005 529 2041 ο.
551 1993 670 2052 uertunt,
686 1981 808 2060 Adjacet
861 1988 984 2066 συμφορῇ
1003 1984 1079 2042 AEm.
1095 1983 1198 2042 Portus
1217 1986 1328 2042 Proeter
1344 1986 1424 2042 illam

244 2068 287 2124 illi
314 2067 421 2124 insula:
456 2067 558 2122 rectius
583 2073 672 2121 tamen
698 2063 804 2120 disceris
859 2067 1050 2124 calamitatem
1077 2068 1297 2140 interpretatum
1330 2075 1360 2122 ot
1383 2065 1424 2122 ibi

239 2151 375 2221 sortasse,
390 2147 437 2204 Ex
450 2146 568 2226 adverso
588 2144 663 2200 illius
684 2144 738 2200 sita
754 2151 806 2210 est,
857 2148 970 2220 pariter
992 2147 1128 2220 proprius
1154 2147 1326 2221 sipniflcatus
1353 2147 1425 2202 Post

247 2228 386 2301 Opposita
403 2226 444 2281 illl
463 2233 506 2280 est
519 2225 620 2280 insula.
639 2222 687 2279 Sto
700 2221 808 2296 'Yiptnv
862 2226 949 2284 locum
968 2226 1057 2283 habet.
1069 2224 1112 2282 ἐπ’
1125 2223 1361 2301 ἐξεργασμένοισι,
1377 2226 1424 2282 Re

246 2302 298 2373 τήν
312 2303 358 2360 ἐπὶ
371 2302 584 2380 Πελοποννήσῳ,
597 2304 638 2359 iii.
655 2306 702 2360 59.
718 2323 745 2360 ιι.
862 2313 985 2381 peracta,
1006 2307 1042 2363 iv.
1067 2309 1133 2363 164.
1154 2326 1188 2363 m.
1209 2305 1278 2364 Nor.
1294 2307 1352 2362 viii.
1371 2311 1422 2364 94.

288 2381 321 2457 3)
342 2385 457 2450 Contra,
479 2385 633 2440 Adversus.
655 2381 753 2459 μαθών
774 2380 808 2438 τά
856 2387 935 2461 fix.
948 2387 995 2447 77.
1007 2406 1035 2443 ιι.
1045 2383 1115 2456 αὕτη
1131 2390 1249 2451 Βίαντος
1264 2383 1363 2463 γνώμη
1377 2385 1424 2442 ἐπὶ

247 2461 398 2541 ποιεύμενα
416 2461 458 2519 ἐπ’
479 2461 578 2540 ἑωυτῷ,
597 2463 616 2519 i.
636 2467 685 2520 61.
699 2483 734 2520 m.
750 2467 809 2520 πᾶν
863 2464 1083 2543 διεφθαρμένοισι
1098 2464 1178 2524 Ἴωσι
1203 2468 1353 2542 dupliciter
1378 2470 1423 2524 in-

248 2540 729 2640 (ιιαιιὸν)ἐπάιῖτῇμῃχανοιμένηρι.
741 2549 806 2601 154.
862 2546 951 2623 rettipi
959 2557 1060 2622 potest,
1075 2549 1134 2604 siue
1148 2549 1221 2605 Haec
1239 2549 1294 2605 fuit
1315 2548 1425 2605 Biantis

247 2645 283 2682 m.
295 2622 325 2681 τὸ
336 2628 395 2680 πᾶν
404 2625 625 2700 μηχανησασθαι
638 2621 680 2679 ἐπ’
690 2622 809 2696 Αἰγινή-

249 2727 319 2784 τῃσι,
334 2705 372 2761 vi.
397 2709 443 2760 88.
466 2723 493 2760 ιι.
514 2701 558 2759 ι’πὶ
581 2708 657 2781 σφίσι
679 2700 808 2780 ἔχοντας,

248 2786 394 2842 Adversus
419 2805 448 2841 sc
468 2785 626 2851 tendentes,
648 2785 686 2842 vi.
707 2788 754 2840 49.
775 2804 809 2840 m.

250 2861 448 2930 ourrmdcrodc
456 2861 591 2939 Ἀρκάδας
600 2862 682 2945 ἕπὶτῇ
688 2862 809 2942 Σπάρτῃ,

862 2628 1004 2685 sententia
1014 2636 1163 2704 postquam
1177 2630 1298 2704 perditae
1313 2649 1357 2685 res
1373 2629 1423 2684 Io·

864 2727 935 2766 num
956 2709 1046 2778 fuere,
1062 2711 1120 2766 siue
1142 2710 1216 2768 Haec
1235 2710 1291 2766 suit
1314 2709 1425 2766 Biantis

864 2789 1005 2846 sententia
1020 2789 1066 2845 Da
1086 2789 1214 2858 Ionibus,
1230 2788 1330 2866 (super
1344 2790 1425 2846 Ioni-

864 2869 942 2939 bue,)
957 2877 1106 2944 postquam
1121 2871 1241 2946 perditae
1253 2871 1364 2928 illorum
1379 2890 1427 2927 res

247 2941 810 3013 ν1.74.ο.ττάντωνΠελοποννησ1ιονσονο-
867 2957 959 3017 erant,
973 2950 993 3006 i.
1012 2951 1078 3010 170.
1094 2969 1128 3006 m.
1138 2953 1167 3024 f.

248 3023 447 3102 perdurarint
454 3025 560 3092 ooi,vii.
570 3030 636 3082 235.
639 3028 669 3100 f
678 3023 810 3102 θυομένῳ,
905 3025 939 3103 5)
954 3029 1009 3098 Ob,
1025 3030 1156 3105 Propter.
1171 3027 1217 3086 ε’πὶ
1235 3034 1284 3110 μ1ῃ
1305 3034 1387 3108 αἰτίῃ,
1404 3033 1425 3090 i.

249 3105 293 3162 ἐπὶ
307 3110 343 3183 τῷ
358 3104 459 3182 Πέρσῃ,
476 3106 562 3162 Sacra
577 3106 692 3162 facienti
709 3107 810 3164 adver·
868 3109 934 3170 137.
957 3130 984 3166 α.
1007 3111 1077 3166 idem
1097 3111 1171 3167 uolet
1192 3131 1225 3167 αα
1245 3113 1310 3188 μιῆς
1335 3115 1439 3180 αἰτίης,

250 3205 297 3243 sus
323 3187 449 3252 Persam,
469 3185 509 3242 ix.
535 3190 580 3242 10.
599 3188 628 3260 s.
644 3182 711 3261 (quo
729 3205 811 3242 seusu
865 3185 944 3245 ἕνεκα
959 3190 1028 3247 ibid.
1036 3191 1124 3264 poulo
1137 3199 1210 3248 unte.
1222 3190 1270 3248 Sic
1285 3195 1365 3250 etium
1378 3193 1428 3250 ubi

249 3266 318 3322 alibi
344 3285 404 3322 cnm
427 3264 531 3320 Aecus.
557 3285 584 3320 v.
610 3270 659 3322 44.
678 3263 724 3339 f.)
744 3264 812 3322 Huc
865 3270 893 3324 ιἰι
909 3268 1013 3328 Latino
1024 3289 1147 3327 sermone
1157 3271 1319 3329 Ablutioum
1333 3293 1427 3330 cusum

251 3344 327 3401 AEm.
341 3343 444 3400 Portus
460 3347 550 3417 refert
573 3347 654 3402 etium
672 3345 748 3402 illurn
770 3345 810 3402 lo·
860 3351 988 3422 ponimus
1014 3350 1117 3426 ubsque
1139 3355 1360 3428 praepositione;
1396 3364 1428 3412 ut

251 3427 394 3490 ontionem,
422 3422 453 3486 ὃς
479 3421 524 3478 ἐπὶ
551 3426 666 3497 θυγατρὶ
695 3423 811 3501 ἀμήτορι
864 3427 1056 3503 ἐκπλαγέντας
1077 3429 1122 3487 ἐπὶ
1142 3436 1178 3508 τῷ
1196 3431 1342 3511 γινομένῳ,
1356 3434 1429 3492 Per·

250 3500 338 3580 ἔγημε
362 3500 457 3568 ἄλλον
479 3509 610 3575 γυναῖκα,
633 3505 670 3560 iv.
696 3510 762 3562 154.
781 3525 808 3562 ιι.
864 3510 934 3568 culsi
956 3512 1010 3568 boc
1031 3513 1115 3580 facto,
1140 3513 1178 3569 iv.
1203 3519 1230 3568 4.
1247 3534 1274 3570 α.
1295 3511 1375 3592 ἐπ’ῃῖ
1394 3514 1428 3572 οὐ

250 3587 331 3660 quusi
344 3584 383 3640 ibi
396 3581 440 3638 ἐπὶ
454 3584 569 3659 θυγατρὶ
578 3584 649 3640 idem
663 3585 768 3642 ualeret
778 3606 811 3642 ac
864 3587 1027 3668 α’πολομένῳ
1045 3589 1168 3668 μάλιστα
1190 3591 1240 3662 τήν
1260 3593 1355 3672 dcxiv
1373 3593 1428 3652 ἀλ-

249 3662 293 3720 ἑπὶ
314 3667 384 3741 κακῷ
401 3661 547 3738 θυγατρός.
564 3661 688 3739 Parique
705 3669 812 3722 ratione
865 3666 970 3740 γήτεια,
985 3672 1026 3728 iii.
1043 3678 1091 3728 40.
1102 3675 1127 3747 s.
1143 3682 1169 3730 el
1183 3678 1232 3732 41.
1245 3695 1271 3731 ιι.

250 3744 405 3802 Buruesius
416 3744 554 3800 simillimo
565 3743 717 3820 Euripidis
727 3746 812 3802 verbu
906 3747 939 3825 6)
952 3751 1007 3818 De,
1028 3753 1129 3828 Super,
1148 3755 1234 3815 Quod
1254 3757 1290 3812 ad
1312 3757 1361 3812 boc
1383 3759 1431 3814 uel

250 3822 371 3900 (Alcen.
387 3825 446 3886 372
460 3824 534 3900 seq.)
549 3821 588 3901 μη
602 3831 706 3902 γαμεῖν
719 3821 813 3894 ἄλλην
867 3830 940 3888 iliud
950 3841 1068 3906 spectat.
1081 3830 1330 3909 ἐχρηστηριάζοντο
1340 3835 1430 3920 ἐπὶτῃ

237 3902 316 3961 ,ποτὲ
331 3902 439 3978 γνναικ’
457 3903 497 3982 ἐφ’
517 3903 595 3980 ύμῖν,
615 3908 813 3981 interpretatus

252 3989 301 4048 est,
327 3985 443 4040 Nullam
464 3985 548 4042 aliam
569 3987 721 4044 ducturum
748 4007 813 4044 um-

250 4082 337 4136 quam
368 4082 487 4120 uxorem
515 4066 550 4121 In
578 4075 704 4123 vestrum
732 4068 812 4124 dam-

251 4161 330 4198 num.
347 4140 540 4200 Percommode
555 4163 619 4202 uero
637 4148 714 4222 opud
736 4145 811 4204 Nos·

253 4231 324 4278 trum
339 4222 388 4278 loe.
404 4225 449 4278 cit.
469 4228 559 4280 teneri
571 4235 702 4299 poterant
722 4225 813 4286 Vattae

250 4301 378 4359 Latino:
417 4303 532 4359 Amissa
565 4325 662 4374 uxore,
698 4307 814 4365 induxit

250 4383 320 4440 filiae
342 4401 511 4440 novercam:
537 4403 569 4440 αα
586 4387 712 4458 fortusse
735 4397 811 4442 utro·

250 4482 303 4538 que
324 4462 392 4530 loco,
412 4482 491 4538 quum
514 4472 615 4538 αραιιιν
637 4465 671 4520 de
695 4462 811 4524 Mortuo

866 3905 1008 3986 Ἀρκάδων
1026 3909 1115 3990 χαίρῃ,
1130 3914 1176 3970 De
1189 3915 1335 3974 Arcadum
1353 3926 1432 3975 terra

866 3992 1070 4050 consuluerunt
1082 3993 1237 4062 oraculum,
1249 3996 1267 4051 i.
1277 4000 1323 4053 60
1331 4016 1365 4054 m.
1380 4004 1431 4054 τοῦ

867 4069 916 4128 crin
928 4068 1007 4128 ὅσιον
1018 4076 1146 4149 ποιεῦμαι
1156 4075 1201 4131 ἐπὶ
1215 4074 1325 4153 τοιούτῳ
1338 4075 1430 4152 πρήγ-

867 4173 933 4226 ματι
947 4150 999 4226 (Ιιι
1021 4153 1070 4212 tali
1087 4173 1127 4220 re,
1145 4155 1203 4212 Ubi
1224 4156 1260 4212 de
1280 4176 1310 4212 re
1329 4157 1431 4232 hujus-

868 4232 945 4288 modi
959 4233 1067 4307 agitur)
1078 4231 1253 4309 ἐξαγορεύειν
1264 4233 1432 4314 raimfredi.

870 4312 936 4372 170.
953 4332 980 4368 u.
999 4310 1086 4368 reiut-d
1102 4311 1265 4394 ἐποίησετὰ
1280 4319 1324 4372 καὶ
1338 4316 1382 4372 ἐπὶ
1396 4324 1433 4399 τῃ

869 4392 994 4466 θυγατρὶ,
1023 4393 1106 4450 Idem
1133 4394 1202 4452 fecit
1235 4398 1312 4470 quod
1343 4399 1433 4456 etiam

869 4471 971 4531 Quoad
998 4472 1087 4528 filiam
1113 4471 1240 4558 (Intuitu
1268 4477 1345 4546 filiae,
1370 4479 1433 4536 Ubi
