3158 5038
467 253 567 306 MAN
1085 247 1186 302 MAP

245 376 355 450 α’ληθέα
362 375 485 457 μαντήῖα
493 374 810 455 σαριχομένων,ἰὶ.174.
864 376 940 434 ribus
954 377 1097 434 tenuimus.
1123 376 1205 439 Quod
1218 395 1243 429 v.
1259 379 1308 432 24.
1317 383 1347 450 j.
1362 359 1436 453 lepi-¹

238 463 268 537 s.
291 458 321 518 rd
342 462 502 537 Τισαμενοῦ
524 454 671 536 μαντήϊον,
694 457 811 516 Orsouli
864 465 918 528 tur,
928 453 963 514 ro‘
972 480 1011 514 ror
1021 452 1250 530 ἐγῶ-συνειδώς
1259 452 1317 532 ’έχω
1325 479 1434 532 μαρτυ-

245 560 424 618 responsum,
453 539 598 596 Tisameni
629 539 738 608 dutum,
768 539 808 596 ix.
862 533 1020 612 piramidem
1030 537 1103 594 rotet
1111 556 1145 594 oc
1153 534 1238 598 τάτοι
1246 534 1303 609 ἐγώ
1313 534 1434 594 σύνοιδα

235 627 296 680 .33.
310 641 344 678 m·
864 616 909 674 καί
928 615 986 694 ἔχω
1004 613 1175 694 μαρτυρέειν,
1191 619 1267 678 Quae
1282 615 1359 692 (scii.
1377 614 1435 685 τήν

226 699 365 771 Μαντική,
385 703 427 771 ἧς,
447 697 475 770 ἦ,
497 699 653 769 DivinatiO,
668 698 723 756 Ars
737 699 810 756 divi·
864 693 978 754 ον’νεσιν
988 699 1033 756 καί
1046 697 1097 767 τήν
1110 694 1238 772 εὔνοιαν)
1254 699 1313 754 scio
1327 705 1358 755 et
1372 706 1435 756 tes-

235 783 341 847 ¹nundi,
364 781 545 848 vaticinandi,
568 799 646 837 sucre
669 780 810 855 interpre-
864 779 919 836 teri
932 798 1049 854 possum
1063 779 1156 836 inesse
1169 779 1231 836 tibi.

245 863 335 920 tundi.
350 859 470 939 ’έμρατον
482 858 621 938 μαντικήν
635 856 751 936 εἶχε,ἱκ.
761 864 810 918 94.
844 857 1013 935 Μαρτέριον,
1031 856 1072 928 τὸ,
1093 859 1312 927 Testimonium,
1331 859 1435 934 Argu·

238 946 269 1016 s.
285 945 341 999 ταῖν
355 942 421 1018 ἱρῶν
437 939 454 1011 ἡ
472 937 600 1018 μαντικὴ,
622 939 809 1015 Wessetinpio,
863 951 1002 1005 mentum,
1017 940 1242 997 Documentum.
1277 939 1348 995 Cum
1358 959 1434 1014 pas-

246 1023 402 1080 Divinendi
422 1023 451 1080 in
469 1023 584 1097 templis
603 1021 697 1089 rsti03
723 1020 809 1089 nobis,
864 1021 913 1076 sim
933 1020 1010 1089 aiibi,
1026 1029 1080 1076 tum
1094 1020 1153 1077 viii.
1173 1025 1239 1076 120.
1257 1039 1283 1076 α.
1303 1017 1382 1096 μέγα
1401 1017 1435 1076 δὲ

246 1103 403 1160 Divinsndi
426 1103 499 1160 ratio
526 1123 562 1158 ex
586 1101 718 1169 victimis,
746 1101 809 1158 Ha·
864 1097 1345 1198 ιαίτόδεμαρτέριον·ραίνεταιγᾰρ
1354 1097 1434 1176 Ξέρ-

246 1185 399 1260 ruspicins‚
414 1183 445 1240 ii.
461 1185 509 1246 57.
516 1186 545 1258 f.
562 1180 605 1238 N.
625 1181 706 1256 Coos.
722 1200 810 1256 supro
863 1180 911 1250 ξης
922 1190 970 1238 etc.
983 1179 1018 1238 τιί
1032 1179 1141 1256 (nempe
1152 1184 1252 1250 ελαίην
1264 1178 1432 1238 solidior-

245 1260 315 1340 ‘Ipd,
334 1263 378 1332 rri,
397 1264 447 1322 sub
469 1263 563 1320 vocab.
585 1259 668 1338 Ἱρθν,
690 1281 763 1318 num.
779 1267 808 1320 2.
864 1258 932 1336 σαν)
942 1258 1030 1334 λόγος
1039 1259 1096 1318 ἐστὶ
1105 1258 1279 1318 Ποσειδεῶνα
1289 1262 1335 1317 καὶ
1345 1259 1433 1331 Ἀθη-

246 1341 428 1422 Ἐπιορκήσας
441 1348 567 1422 φαίνεται
582 1342 614 1400 έν
633 1345 665 1420 τῇ
682 1346 809 1424 μαντικῇ,
864 1345 956 1412 ναίην,
984 1339 1132 1417 ἐρίσαντας
1159 1343 1220 1418 περὶ
1248 1347 1298 1410 τῆς
1326 1340 1430 1419 χιέρης,

247 1425 304 1482 Per
338 1427 541 1484 divinationem
573 1433 734 1498 compertus
767 1432 811 1480 est
862 1420 998 1498 μαρτύρια
1012 1419 1118 1492 θέσθαι,
1130 1423 1189 1480 viii.
1206 1427 1255 1480 55.
1268 1443 1295 1480 c.
1306 1442 1359 1498 quo
1371 1423 1431 1480 ioco

246 1505 400 1580 pejerasse,
420 1507 458 1562 iv.
474 1509 523 1562 68.
542 1524 577 1560 m.
599 1512 624 1560 rt
640 1504 728 1578 ρααίο
746 1512 811 1577 post
863 1505 974 1560 mireris
984 1521 1147 1579 perversam
1166 1501 1258 1560 Vatiae
1278 1505 1432 1562 versionem

246 1585 395 1654 intremit
413 1582 527 1662 μάντιες
540 1581 694 1659 έσορέοντες
712 1585 741 1648 ἐς
759 1583 811 1653 τήν
863 1603 917 1640 non
930 1585 1007 1640 modo
1021 1604 1039 1640 a
1053 1582 1193 1641 Gronom'o
1206 1593 1233 1640 et
1252 1583 1288 1640 W
1285 1584 1431 1660 esselinpio

246 1665 393 1741 μαντικὴν,
413 1665 502 1722 Vates
522 1666 646 1721 sortibus
665 1665 809 1740 inspectis,
859 1664 1024 1723 verbotenus
1051 1674 1197 1733 servotum,
1225 1665 1277 1721 sed
1303 1667 1385 1722 etiam
1410 1686 1430 1722 α

247 1747 403 1804 Divinnndi
417 1756 508 1803 artem
521 1745 711 1802 consulentes.
864 1745 941 1801 docto
955 1745 1113 1820 Interprete
1130 1743 1239 1802 Gallico
1258 1747 1288 1801 in
1307 1746 1430 1802 eumdem

227 1824 348 1896 Μάντις,
361 1849 410 1896 roc,
424 1824 449 1896 ὁ,
461 1826 560 1895 Vates,
572 1826 684 1901 Augur,
697 1827 810 1884 Harus-
856 1828 924 1900 fere
956 1827 1117 1882 sententium
1146 1835 1261 1900 accepto
1288 1825 1430 1883 Herodoti

245 1927 313 1984 pex,
342 1909 494 1966 Sacrorum
519 1907 668 1983 interpres,
695 1907 733 1964 iv.
759 1911 808 1964 68.
864 1905 957 1964 uerbo.
1007 1905 1056 1962 Sic
1080 1908 1150 1963 enim
1178 1904 1282 1963 Velio:
1314 1907 1345 1963 in
1370 1926 1428 1982 quo

246 1989 293 2046 vii.
309 1993 378 2048 228.
387 1992 416 2065 f.
431 1997 457 2046 et
470 1990 577 2064 soepius
591 1987 669 2044 aiibi.
686 1986 768 2044 Ρίατ.
784 1985 810 2044 οἱ
863 1982 998 2062 (templo)
1016 1987 1079 2044 olea
1091 1995 1135 2044 est
1154 1994 1183 2044 et
1202 2006 1290 2055 mere,
1304 1995 1339 2044 ut
1351 1988 1428 2063 apud

245 2067 368 2146 μάντιες,
380 2069 484 2128 Aecus.
495 2065 558 2132 τούς
571 2065 700 2146 μάντιας,
715 2066 808 2124 Gemit.
863 2068 1053 2139 Athenienses
1080 2068 1262 2143 praedicatur,
1291 2067 1428 2143 Neptuno

245 2153 301 2208 τῶν
312 2154 437 2227 μαντίων
447 2146 808 2224 ἅπαγορευόντων,ἰίἱ.124.
863 2157 893 2205 et
912 2149 1052 2206 Minervae
1071 2149 1101 2204 in
1121 2148 1316 2205 testimonium
1330 2149 1428 2223 ,positu

245 2250 274 2288 ο.
289 2232 336 2286 ubi
349 2232 412 2288 otim
425 2230 569 2308 μαντηΐων
583 2228 646 2286 edd.
863 2229 940 2302 quod
952 2229 990 2286 de
1002 2229 1118 2303 regione
1128 2229 1330 2286 decertassent.
1358 2227 1427 2286 Tum

225 2313 431 2386 Μαραίνεσθαι,
441 2313 475 2368 de
484 2311 615 2368 Flumine
624 2311 735 2377 dictum,
748 2308 809 2366 Ex·
864 2307 1014 2366 Lorcirer:
1044 2309 1101 2366 Les
1126 2309 1285 2366 Atheniens
1311 2310 1426 2385 preten-

245 2392 353 2459 siccari,
364 2392 549 2448 Exoresccre.
559 2389 631 2452 siric
642 2387 677 2446 τά
685 2385 810 2464 ἐγχώρια
864 2389 933 2448 dent
953 2409 1009 2466 que
1030 2389 1165 2466 Neptune
1184 2399 1213 2446 et
1232 2389 1366 2460 ‚Minerve
1386 2390 1426 2447 les

244 2467 369 2545 ῥεύματα
390 2472 576 2547 μαραίνεσθαι
594 2473 650 2527 τῶν
667 2471 808 2546 ποταμῶν,
863 2487 883 2544 y
909 2471 1022 2528 avaient
1051 2470 1145 2546 places
1172 2489 1283 2528 comme
1314 2489 1356 2528 un
1384 2471 1425 2528 te-

241 2552 274 2607 si.
289 2555 338 2607 24.
354 2561 426 2608 extr.
863 2551 1015 2626 moignege
1042 2552 1078 2608 de
1104 2552 1133 2608 le
1158 2551 1346 2609 contestation
1379 2551 1427 2627 qui

227 2627 408 2707 Μαρτυρέειν,
433 2633 549 2688 Testem
572 2650 642 2697 esse,
668 2631 809 2688 Testimo-
863 2628 957 2688 s'etait
980 2632 1077 2689 elevie
1102 2639 1184 2689 entre
1207 2651 1266 2689 eux
1288 2651 1325 2689 au
1352 2635 1426 2710 sujet

246 2713 329 2768 nium
350 2713 496 2778 exhibere,
519 2712 605 2768 Dicte
624 2720 675 2768 aut
695 2721 809 2768 senten·
864 2711 904 2770 du
917 2732 997 2788 pays.
1018 2710 1128 2788 Nempe
1139 2714 1169 2769 iri
1181 2711 1246 2788 παρ’
1259 2711 1424 2784 Ἀθηναίων,

247 2793 316 2850 tiam
338 2793 465 2852 ulterius
494 2792 679 2850 confirmare.
736 2793 810 2849 Con·
859 2812 1011 2868 perperam
1016 2813 1070 2868 pro
1079 2791 1143 2870 παρ’
1152 2791 1312 2862 Ἀθηναίοις
1320 2797 1423 2870 accipi·

246 2877 366 2930 struitur
384 2893 443 2932 cum
457 2872 570 2930 Dotion.
589 2880 720 2950 μαρτυρεῖ
737 2870 810 2947 (sive
863 2883 948 2943 entes,
963 2875 1001 2931 od
1014 2872 1101 2948 λόγος
1113 2873 1171 2931 ἐστὶ
1184 2875 1349 2934 retuterunt.
1386 2875 1424 2933 Ar

247 2951 388 3031 μαρτυρέει
407 2957 520 3030 scripsit
539 2967 644 3022 auctor,
666 2963 696 3010 ut
716 2951 810 3028 olibi)
864 2953 949 3012 verbo
970 2953 1033 3030 παρ’
1054 2953 1211 3024 Ἀθηναίων
1233 2957 1272 3012 ud
1291 2953 1424 3032 μαρτύρια

247 3031 275 3092 δέ
290 3045 337 3113 σφι
356 3036 400 3092 καὶ
421 3033 439 3105 ἡ
460 3033 536 3103 ἄλλη
554 3032 669 3098 Ἑλλάς,
686 3035 743 3092 viii.
759 3037 807 3092 94.
864 3043 945 3092 erant
970 3037 1140 3112 referendo:
1174 3033 1311 3113 μαρτύρια
1337 3047 1424 3094 autem

247 3125 319 3173 extr.
333 3113 477 3193 μαρτυρέει
491 3113 520 3173 δέ
533 3117 633 3196 μουτῇ
653 3113 751 3192 γνώμῃ
765 3117 810 3171 καὶ
864 3115 892 3171 ἰι.
909 3115 928 3173 ἰ.
944 3135 997 3174 non
1014 3126 1077 3174 sunt
1096 3118 1273 3175 Testimonin
1290 3119 1368 3193 quod
1386 3119 1425 3176 dii

244 3193 366 3272 Ὀμήρου
383 3193 459 3266 ἔπος,
474 3199 511 3254 iv.
528 3201 577 3254 29.
592 3215 620 3252 α.
641 3195 688 3252 ubi
702 3197 810 3271 quidem
864 3195 904 3252 illi
936 3197 972 3253 de
1004 3198 1122 3274 regione
1149 3199 1350 3265 decertassent,
1378 3209 1425 3256 out

245 3301 291 3350 μοι
302 3274 450 3354 (propri)
465 3275 589 3334 esMed.
603 3278 711 3350 primus
722 3277 810 3333 edidit
865 3275 1055 3336 Monumenta
1079 3279 1154 3336 illius
1180 3279 1238 3335 litis
1251 3301 1259 3348 3
1291 3281 1343 3336 sed
1364 3289 1425 3337 sunt

249 3356 371 3413 Gronov.
387 3359 556 3432 firmarique
577 3356 714 3430 duplicem
731 3356 809 3413 ι’ἰίαα
864 3356 1045 3415 Documenta
1067 3361 1125 3416 siue
1146 3359 1336 3434 Argumenta,
1361 3380 1425 3437 quae

247 3435 369 3492 dativum
388 3435 449 3512 (μοι
465 3440 497 3518 τῇ
516 3433 629 3514 γνώμῃ)
644 3436 756 3512 putavit
769 3440 809 3494 eis
863 3436 894 3492 in
914 3438 963 3494 ille
982 3439 1039 3496 litis
1061 3441 1267 3498 contestatione
1287 3442 1323 3498 ab
1344 3451 1424 3498 utro·

238 3517 388 3592 ‚exemptis
403 3536 468 3592 quae
482 3525 509 3572 et
521 3516 557 3572 αἰ
571 3519 631 3591 ipso
652 3525 678 3572 et
697 3535 714 3572 α
733 3517 810 3574 nobis
863 3536 919 3591 que
932 3519 986 3574 deo
999 3520 1109 3594 prolata
1124 3529 1154 3577 et
1171 3520 1202 3577 in
1217 3521 1345 3578 medium
1358 3541 1424 3597 pro-

246 3599 276 3654 in
288 3595 357 3654 Not.
372 3598 411 3654 cd
423 3598 443 3655 i.
460 3599 507 3666 86,
520 3601 558 3653 28
572 3617 614 3673 sq.
628 3598 714 3653 citotc
728 3607 807 3664 sunt,·
830 3625 833 3633 r
862 3599 954 3672 posite
980 3607 1048 3656 sunt
1074 3602 1177 3676 quibus
1204 3621 1320 3658 causum
1346 3621 1425 3660 susm

245 3697 311 3754 quce
324 3688 414 3736 tomen
432 3697 486 3736 non
504 3681 575 3734 sotis
587 3681 689 3753 facere
706 3681 810 3736 monuit
862 3678 1047 3748 defenderem
1073 3682 1187 3750 scilicet,
1207 3681 1304 3758 quibus
1322 3683 1425 3758 probo·

252 3759 410 3836 Wesseiinp.
437 3760 476 3816 αιί
495 3759 534 3815 iv.
557 3762 604 3816 29.
625 3760 749 3833 quamuis
770 3759 810 3816 ibi
862 3768 906 3816 ret
928 3760 1018 3816 adse
1041 3763 1181 3836 pertinere
1209 3771 1297 3818 terrce
1319 3763 1426 3821 Atticae

241 3843 362 3916 perinde
375 3861 409 3898 ac
427 3841 458 3898 ii.
476 3845 521 3898 18.
536 3859 562 3896 α.
576 3843 744 3914 scripturum
761 3863 809 3916 μοι
863 3840 1019 3920 dominium,
1037 3844 1164 3917 quonium
1184 3853 1233 3900 aut
1249 3845 1333 3919 prior
1350 3844 1426 3902 iiiam

246 3941 264 3978 α
294 3921 381 3978 Gron.
407 3922 566 3996 adoptatum
592 3923 689 3978 tenuit.
745 3918 808 3977 Nos
863 3931 1031 3996 occupasset,
1046 3932 1095 3979 αιιί
1108 3943 1165 3980 rem
1184 3924 1323 3981 utiliorem
1335 3924 1425 3984 Ame-

247 4020 320 4070 vero,
342 4004 416 4058 sicot
436 4002 474 4058 iv.
498 4004 548 4058 29.
570 4020 597 4057 α.
620 4000 721 4058 editam
745 4000 808 4058 oiim
863 4003 1003 4058 niemiios
1014 4013 1084 4060 esset
1097 4004 1223 4081 impitus.
1247 4003 1329 4062 Dicit
1337 4015 1425 4063 cutem

246 4083 412 4156 scripturam
447 4104 500 4155 μου
536 4083 733 4149 revocavimus,
767 4084 809 4138 sic
863 4079 1033 4148 Herodotus,
1044 4081 1161 4158 (serbis,
1171 4094 1250 4160 puto,
1265 4089 1367 4144 ueteris
1378 4106 1427 4145 cu-

238 4164 337 4227 etiam,
353 4161 516 4218 constantior
534 4161 630 4235 soitqm
648 4179 744 4230 conso,
764 4161 808 4218 αἰ·
856 4162 971 4237 jusdem
980 4165 1074 4238 poitoe
1087 4162 1178 4238 usum)
1191 4165 1255 4241 παρ’
1269 4165 1426 4237 Ἀθηναίων

248 4249 306 4298 tero
321 4241 378 4298 loco
391 4242 421 4298 ii.
437 4247 483 4299 18.
496 4261 524 4296 o.
541 4241 662 4298 eamdem
675 4261 809 4300 reuocare
863 4240 999 4319 μαρτύρια
1012 4241 1119 4314 θέσθαι,
1139 4248 1212 4322 quod
1232 4257 1327 4306 essent.
1341 4249 1426 4306 docu-

247 4318 600 4397 debebamuspuprups'erir'
608 4345 661 4399 μου
669 4324 702 4399 τῇ
710 4320 809 4400 γνώμῃ
864 4332 961 4382 mento
981 4344 1105 4400 quorum
1124 4327 1195 4384 fides
1217 4337 1303 4404 atque
1324 4330 1426 4386 veritus

245 4399 288 4460 ὅτι
306 4411 358 4460 etc.
377 4401 424 4459 ubi
442 4402 550 4479 quidem
569 4424 616 4478 μοι
634 4421 652 4458 α
669 4402 809 4460 Gronovio
864 4405 899 4460 ab
926 4404 1159 4472 Atheniensibus,
1188 4428 1312 4483 quorum
1346 4410 1425 4466 testi-

246 4493 385 4560 receptum
399 4503 459 4542 cum
478 4481 702 4557 Weisotiisquc
721 4483 808 4540 edito·
864 4485 961 4542 monia
987 4486 1027 4542 illi
1059 4487 1237 4558 invocabant,
1265 4489 1425 4548 confirmari
