3122 5040
387 264 481 320 ΠΑΝ

163 389 311 470 πάννυχος
340 393 446 471 λύχνος
478 398 670 469 παρακαίεται,
698 396 728 452 ii.

167 478 236 532 130.
250 495 286 532 m.

141 558 290 624 Πανοικίη,
299 579 340 625 ης,
351 553 378 625 η’,
386 556 528 614 Universa
535 555 648 612 familia.
659 555 732 613 Iride

162 632 288 692 Dotiouo
322 637 424 712 absque
457 635 576 694 oriiouio
610 639 728 711 positus,

164 718 311 794 Πανοικίῃ,
323 715 462 774 Aduerdii
475 716 562 774 iocum
577 725 658 784 temet,
672 719 728 794 εἰρ-

164 797 314 873 roifioorque
342 799 416 854 Cum
443 805 504 856 iota
529 797 624 866 domo,
654 797 729 855 Cum

163 877 296 943 uniyersa
305 879 420 936 familia.
436 873 474 942 uir
488 873 517 934 di
531 874 586 954 ἄρα
600 882 728 956 πανοικίῃ

162 979 212 1032 μιν
234 955 395 1034 περιέλαβε,
416 959 475 1015 viii.
500 962 566 1016 106.
581 978 616 1015 m.
632 977 729 1034 nempe

166 1038 241 1100 Cum
254 1040 351 1099 liberis
361 1047 391 1096 et
404 1057 503 1108 uxore,
518 1047 548 1098 ui
561 1039 629 1102 ibid.
640 1039 728 1114 ραοίο

163 1120 347 1177 antedictum.
359 1116 408 1176 τθν
418 1121 492 1196 χρῆν
505 1123 644 1197 πανοικίῃ,
659 1117 728 1201 αὐτῇ

164 1201 283 1273 γυναικί,
309 1197 487 1268 συνέπεσθαι,
509 1201 569 1262 Qui
590 1200 728 1263 debuerat

162 1298 228 1337 oum
242 1288 302 1338 tota
314 1281 421 1340 familia
435 1281 553 1355 ipsaque
572 1299 662 1338 uxore
680 1299 727 1338 me

162 1361 252 1437 requi,
274 1361 322 1419 vii.
344 1366 392 1420 39.
412 1381 438 1418 α.
479 1359 587 1418 Eodem
603 1362 728 1434 pertinet

162 1443 235 1517 quod
248 1443 287 1498 ix.
303 1445 370 1500 109.
385 1461 420 1498 m.
436 1441 536 1516 ieyitur
551 1445 583 1523 τῇ
597 1437 626 1498 δέ
640 1444 728 1506 κακῶς

1014 272 1106 326 IIAN

783 392 816 450 ου’
834 394 892 452 κατ’
910 395 943 454 έν
960 394 1057 474 μόνον,
1072 396 1151 454 α’λλιέ
1169 401 1311 476 πανταχῆ,
1331 399 1348 468 ἡ

785 475 914 552 ἰσηγορίη
934 474 972 542 ὥς
991 475 1050 538 έστι
1070 482 1166 556 χρῆμα
1186 477 1347 549 σπουδαῖον,

783 575 810 610 v.
829 557 876 618 78.
892 578 919 614 a.
935 558 982 614 ubi
992 577 1047 634 pro
1061 559 1104 616 iris
1122 557 1215 616 Vouae
1227 559 1346 630 Larino,

784 636 849 697 Nori
868 657 906 694 ex
923 658 981 696 uno
999 646 1121 708 tontum,
1140 640 1191 698 sed
1209 641 1346 715 undique,

783 716 866 776 datur
879 718 1001 794 intelligi
1014 741 1021 788 ς
1044 739 1092 776 mos
1106 722 1135 776 io
1149 721 1269 778 eamdem
1279 723 1346 794 sere

783 801 942 856 senientiam
967 803 1021 858 isto
1041 802 1192 875 posuimus,
1217 800 1347 876 Adparet

782 887 880 934 autem
900 899 957 938 non
979 881 1033 939 hoo
1055 900 1112 940 uno
1134 881 1274 957 exemplo,
1296 882 1347 938 sed

782 959 900 1034 ubique.
915 979 1001 1035 quam
1022 961 1160 1036 praeclara
1177 981 1222 1018 res
1241 961 1344 1020 aiteio.

783 1037 843 1096 Sed
859 1041 932 1110 oide,
951 1060 986 1098 me
1005 1040 1067 1098 iroeo
1082 1033 1177 1116 fuerit
1195 1061 1269 1098 meos
1282 1039 1346 1098 He·

781 1120 889 1176 rodoti:
909 1121 1039 1197 Adparet
1052 1129 1158 1189 autem,
1169 1141 1256 1196 quam
1269 1140 1345 1197 ρεα-

781 1199 857 1258 clara
874 1219 933 1258 non
950 1221 1009 1262 uno
1027 1211 1139 1260 tantum
1159 1202 1254 1270 modo,
1273 1199 1346 1275 (uno

781 1288 922 1355 respectu,
944 1283 1051 1342 unuin
1072 1278 1118 1356 re)
1138 1283 1189 1340 sed
1213 1282 1345 1340 omnibus

780 1361 872 1418 modis
893 1359 1035 1437 (quolibet
1052 1370 1192 1438 respectu,
1211 1362 1289 1420 omni
1308 1381 1346 1420 ex

780 1437 875 1514 parte)
888 1461 934 1502 res
947 1443 985 1502 sit
1003 1443 1151 1518 aequalitas
1166 1443 1250 1518 juris.
1295 1440 1344 1499 Si-

162 1519 217 1598 γθρ
227 1517 284 1582 ἔδεε
292 1525 419 1599 πανοικίῃ
431 1517 573 1594 γενέσθαι,
583 1517 651 1598 πρθς
662 1526 726 1582 ταῦ·
780 1522 883 1578 militer
900 1526 963 1592 iaia,
979 1526 1119 1600 Πανταχῆ
1140 1516 1182 1580 dr
1198 1545 1251 1618 ραι
1272 1520 1344 1591 δῆλοί

161 1625 196 1660 τα
216 1599 276 1660 είπε
296 1599 398 1680 Ξέρξῃ,
413 1603 460 1660 udi
478 1625 510 1684 τῃ
528 1621 582 1660 mou
597 1612 637 1660 eoi
656 1605 727 1663 arii·
779 1597 848 1671 ἐστι,
867 1599 910 1660 ὅτι
929 1599 1018 1679 ἐμάνη
1035 1601 1169 1681 μεγάλως
1189 1625 1204 1659 o
1224 1599 1344 1682 Καρβιξ-

161 1682 240 1740 ouius
253 1683 292 1742 od
312 1686 440 1760 πανοικίῃ
456 1683 622 1758 referendus
633 1705 643 1751 ,·
666 1684 724 1753 red,
781 1705 842 1751 σης,
870 1683 910 1740 iii.
939 1688 986 1742 38.
1016 1704 1044 1741 o.
1074 1687 1103 1740 io
1136 1684 1256 1746 eamdem
1283 1703 1343 1740 oum

161 1763 391 1838 quemadmodum,
412 1765 433 1820 i.
458 1768 506 1820 24.
528 1783 564 1820 m.
587 1763 632 1820 καὶ
655 1770 727 1820 τοῖσι
780 1763 969 1837 superioribus
978 1763 1175 1838 interpretibus
1183 1767 1344 1822 sententium

161 1839 725 1921 ἐσελθεῖνγέρὴδονὴν,εῑρέλλοιενα’κοῠ-
780 1843 824 1900 dia
838 1841 949 1900 Latinis
968 1845 1155 1912 reddideram,
1175 1845 1288 1906 Quibus
1306 1865 1344 1902 ex

162 1921 728 2000 ασθαι-ἀοιδοῦ,ἀναχαρῆσαιραΝοείνί
779 1924 911 1986 omnibus
931 1925 965 1981 fit
987 1925 1059 1982 mihi
1083 1925 1273 1993 manifestum,
1296 1925 1342 1983 iu·

161 2024 212 2064 usu
227 2005 356 2080 loquendi
369 2007 440 2064 idom
453 2005 528 2061 uolet
541 2024 575 2062 oo
593 2007 618 2062 si
635 2007 725 2062 diuis·
779 2023 843 2060 rore
883 2004 1077 2080 maximopere
1120 2014 1215 2061 aetum
1254 2005 1342 2062 fuisse

160 2094 210 2154 aet,
220 2088 265 2143 καὶ
274 2082 393 2154 τούτους,
402 2084 529 2144 ἐσελθεῖν
538 2081 594 2160 γάρ
603 2096 652 2184 τρι
661 2082 725 2154 ἡδο·
780 2084 952 2156 Cambysen.
995 2084 1046 2152 Ar,
1068 2086 1171 2160 quibus
1193 2104 1230 2142 ex
1249 2087 1342 2142 omni-

161 2163 726 2246 νην,-ιέναχωρῆσαε,είοαααοτῇδεκακῶς
779 2165 832 2222 bus
855 2163 959 2228 Graeoe
979 2161 1169 2241 πανταχόθεν,
1192 2184 1245 2222 orori
1267 2188 1342 2222 orar-

160 2242 726 2325 γθρέδεεπανοικίῃγενέσθαι,-εέπε,υἰίαα
777 2248 861 2321 ταχῆ,
876 2254 973 2304 sonui:
996 2247 1196 2320 uidendumque
1206 2254 1284 2320 puio,
1299 2266 1343 2312 me,

160 2328 235 2386 ualet
244 2348 279 2386 ao
288 2332 314 2386 ai
322 2323 466 2396 dimisaetri
481 2323 519 2394 δέ,
533 2329 620 2392 κακῶς
635 2325 690 2404 γάρ
700 2326 726 2385 oi
778 2325 867 2386 deiero
886 2335 949 2401 posi
968 2323 1038 2395 δῆλοί
1056 2324 1114 2384 ἐστι
1133 2335 1269 2393 commoto,
1289 2327 1341 2385 od·

159 2403 665 2487 έδεεπανοικίῃγενέσθαι,είπεΞέρξῃι
673 2429 725 2484 quo
778 2406 899 2468 verdium
908 2409 1041 2483 πανταχῆ
1051 2406 1132 2468 simui
1142 2426 1200 2464 oum
1208 2404 1342 2483 μεγάλας
1373 2467 1376 2474 ⁴

160 2489 195 2546 de
205 2509 256 2550 usu
267 2490 549 2566 ioqueodiperopeoie
559 2487 725 2564 Soiaeferus
778 2487 817 2544 od
830 2488 940 2546 uerbum
958 2485 1048 2566 ἐμάνη
1062 2490 1098 2546 aii
1111 2488 1297 2564 referendum,
1312 2497 1343 2544 ut

160 2573 365 2639 eiiammoouii,
385 2589 403 2628 α
422 2588 517 2645 quoae
535 2589 629 2628 oerum
643 2571 725 2646 ίιυρυο
778 2566 829 2627 doe
861 2569 966 2629 dixerit
993 2567 1163 2638 Herodotus,
1192 2569 1240 2626 Fit
1271 2568 1343 2626 mihi

159 2650 215 2708 looi
224 2653 357 2710 rariorem
368 2652 491 2708 edoctum
504 2668 563 2706 esse
573 2653 725 2728 profitetur
777 2649 968 2714 manifestum,
985 2649 1145 2728 Cambysen
1160 2649 1259 2724 quovis
1277 2668 1340 2706 mo-

160 2729 237 2789 Doo.
254 2731 415 2790 debuimus
428 2730 598 2788 Aoimodoo.
610 2733 649 2788 od
662 2731 691 2791 ίι.
704 2733 723 2790 ί.
777 2729 815 2786 do
833 2727 946 2804 (omnes
964 2731 994 2788 in
1013 2740 1117 2806 partes,
1137 2733 1166 2790 im
1184 2730 1248 2790 deos
1267 2738 1293 2788 et
1311 2731 1341 2787 im

141 2815 299 2882 Πανοπλίη,
312 2835 354 2884 ης,
369 2809 396 2881 ἡ,
412 2812 555 2870 Universa
568 2820 721 2872 armatura.
778 2807 912 2886 domines)
939 2811 1101 2871 vehementi
1124 2812 1220 2868 furore
1244 2817 1341 2868 uotum

160 2891 211 2962 nir
231 2897 352 2966 γυναῖκα
371 2889 554 2965 σκευάσαντες
570 2895 722 2970 πανοπλίῃ,
777 2889 874 2946 fuisse.
919 2889 993 2952 Quae
1006 2893 1032 2947 si
1050 2893 1139 2950 mimus
1154 2889 1277 2964 pliorem,
1292 2909 1340 2946 au-

159 2974 329 3049 i60.m.s.
395 3027 398 3033 Δ
772 2979 869 3044 peresi
887 2979 918 3026 ut
935 2971 1070 3046 πανταχῆ
1083 2971 1111 3027 ir.
1127 2970 1148 3028 ί.
1164 2979 1190 3026 ei
1203 2989 1230 3026 v.
1247 2970 1296 3030 78.
1311 2989 1339 3028 α.

141 3051 334 3123 Πανσέληνος,
353 3051 381 3123 ἡ,
400 3054 460 3112 soii.
480 3049 547 3129 ὥρα,
562 3052 723 3110 Pleniluni-
772 3068 828 3123 pro
850 3047 1030 3126 πανταχόθεν
1050 3059 1099 3108 oui
1117 3069 1172 3125 pro
1192 3053 1341 3126 πανταχοῦ

160 3155 217 3194 um.
238 3134 270 3192 ἐν
290 3138 323 3215 τῇ
343 3131 520 3210 πανσελήνῳ,
534 3134 565 3192 ii.
586 3135 633 3196 47.
647 3135 676 3207 f.
692 3131 724 3188 oi
777 3131 966 3204 accipiendum
979 3139 1139 3188 statuamus.

159 3211 278 3292 πλήρεος
287 3213 380 3279 ἐόντος
388 3216 435 3272 τοῦ
446 3210 555 3282 κύκλου,
563 3208 724 3290 έρενοντην
757 3206 927 3286 [Πανταχοῦ
949 3211 1029 3286 υυίῃο
1048 3210 1190 3286 ίερεθαίατ
1209 3210 1250 3268 iii.
1272 3212 1339 3272 117.

159 3293 349 3366 πανσέληνον,
361 3296 399 3354 vi.
411 3298 484 3352 ’106.
501 3303 573 3356 emir,
589 3289 659 3370 μετέ
672 3291 723 3362 τήν
777 3310 803 3346 ο.
824 3290 872 3351 ubi
889 3290 995 3366 probus
1015 3290 1075 3349 cod.
1096 3289 1167 3348 MS.
1188 3299 1341 3366 opportune

158 3374 348 3445 πανσέληνον,
364 3376 403 3433 vi.
422 3380 487 3432 120.
503 3374 528 3432 d.
778 3371 854 3428 dedii
868 3373 1023 3449 Πενταχοῦ,
1035 3371 1109 3448 quod
1122 3371 1185 3428 uide
1199 3389 1248 3428 εαο
1259 3367 1340 3447 ίοοο.]

141 3460 327 3538 Πανπτρατιῇ,
339 3457 414 3514 Cum
424 3456 556 3514 omnibus
567 3451 640 3529 (ατί,
649 3455 723 3512 Cam
758 3451 934 3521 Παντελέας,
949 3452 1079 3521 Prorsus,
1094 3451 1230 3518 Omnino,
1246 3451 1340 3510 Abso-

158 3532 371 3614 irequeniibus)
392 3537 489 3611 copiis,
508 3536 527 3592 i.
548 3539 596 3593 62.
616 3553 651 3592 m.
672 3535 721 3592 vii.
776 3532 846 3599 lure,
861 3533 1002 3592 Perfecta.
1015 3532 1052 3597 dc
1066 3531 1092 3589 oi
1105 3525 1266 3596 παντελέως
1279 3526 1339 3606 εἶχε

162 3622 229 3676 103.
245 3638 272 3676 α.
288 3618 348 3675 viii.
365 3619 413 3678 27.
428 3636 456 3675 α.
472 3619 521 3674 66.
530 3618 559 3691 s.
776 3608 811 3686 (i.
823 3632 850 3688 q.
862 3611 999 3677 παντελές
1012 3607 1062 3686 ἦν)
1076 3609 1106 3670 πθ
1119 3613 1280 3688 odmundo.
1292 3615 1339 3668 95.

141 3701 272 3767 Παντακῆ
296 3708 323 3755 ei
346 3699 496 3773 Πανταχῆ,
523 3699 594 3754 sicot
620 3691 723 3764 ποίντη,
769 3689 970 3768 fimarrsiu'uc
980 3689 1142 3769 τιρειέμενοι
1152 3697 1207 3750 τῶν
1217 3712 1268 3764 περ
1278 3689 1340 3748 έστέ

159 3781 236 3855 opud
253 3777 387 3836 Nostrum
407 3777 480 3835 ualet
500 3776 608 3837 Quovis
629 3777 723 3844 modo,
776 3769 855 3836 ἄξιοι,
873 3773 911 3830 iv.
928 3778 975 3830 20.
986 3773 1019 3847 s.
1039 3768 1056 3840 ἡ
1072 3769 1169 3847 διώρυξ
1181 3767 1341 3852 παντελέως

160 3861 297 3921 Quolibet
314 3865 455 3933 respectu,
474 3857 721 3931 Quaquaversum.
766 3849 957 3930 πεποιημένη,
972 3852 1018 3909 vii.
1034 3853 1082 3913 37.
1098 3871 1126 3908 α.
1141 3848 1221 3927 σχιέν
1236 3872 1339 3906 παντε-

158 3937 265 4014 (πείντα
279 3936 381 4014 τρόπον
392 3941 594 4013 intorpretatur
605 3934 686 3994 Suid.
697 3945 724 3992 et
776 3931 847 3996 λέως
857 3930 907 3996 τιές
917 3928 1041 4001 Ἀθήνας
1048 3927 1064 3992 ὁ
1071 3929 1188 4008 Ξέρξης,
1194 3931 1252 3988 viii.
1259 3934 1307 3987 54.
1313 3950 1339 3987 α.

160 4014 722 4114 Ρίιοί.)τῆςε’στιπαντακῆίαίπανταχῆ)
757 4010 865 4082 Πάντη,
880 4011 970 4088 (coros.
989 4011 1137 4080 Παντακῆ)
1153 4013 1340 4086 Quaquaver-

157 4098 285 4178 μέτωπον
293 4098 410 4158 ἕκαστον
417 4094 485 4158 α’κτιθ
496 4094 612 4174 πλέθρα,
623 4094 723 4165 εὀυσης
775 4113 847 4150 sum.
859 4087 895 4162 ἦν
907 4096 997 4170 χῶρος
1007 4088 1168 4159 ἀκανθώδης
1178 4089 1247 4150 ὅσον
1257 4115 1285 4148 τε
1295 4089 1341 4148 ἐπὶ

158 4179 340 4258 τετραγώνου,
355 4179 400 4237 καὶ
414 4177 484 4252 ὕψος
495 4175 568 4254 (ido)
578 4179 652 4248 ’ίσον,
664 4178 722 4234 Lu·
775 4171 902 4238 σταδίους
915 4173 1001 4231 ε’ἱκοσι
1014 4169 1115 4242 πάντη,
1128 4172 1148 4228 i.
1163 4176 1227 4230 126.
1238 4193 1265 4228 α.
1279 4169 1340 4248 (ubi

159 4270 205 4325 tus
231 4263 308 4320 illius
335 4261 468 4336 quodque
495 4277 721 4334 quaquaversum
776 4255 839 4312 uide
855 4253 920 4312 Var.
936 4250 1028 4328 Leot.)
1042 4252 1109 4318 Διὸς
1123 4252 1217 4321 Βήλου
1231 4250 1341 4327 ἱρὸν,-

157 4345 276 4402 meiiiur
289 4343 468 4418 octingentos
480 4340 577 4416 pedm,
589 4346 633 4396 est
645 4339 723 4396 enim
776 4332 824 4392 δύο
838 4332 958 4392 σταδίαν
972 4332 1074 4404 πάντη,
1088 4331 1135 4392 ε’ὀν
1153 4331 1339 4410 τετράγωνον,

158 4425 297 4500 quadrata
316 4422 450 4499 pyramis,
472 4429 502 4478 et
522 4420 642 4478 altitudo
662 4420 723 4476 basi
776 4419 795 4474 i.
812 4421 876 4474 181.
891 4437 919 4474 α.
930 4412 1032 4493 ἄρουρα
1045 4411 1268 4489 ε’κατθνπηχέων
1281 4411 1340 4468 ἐστὶ

158 4505 277 4583 {equalis
295 4505 392 4584 esi,ii.
408 4508 476 4562 124.
494 4504 523 4576 f.
540 4499 579 4558 N.
595 4499 675 4570 δηλοῖ
696 4497 724 4556 δέ
776 4490 1340 4574 πάντη,ἰί.168.α.τῆςΣκυθικιῙς,ἑοείσης
