3190 5036
470 259 563 314 KAT
1089 259 1180 314 KAT

233 387 294 443 tino
316 385 396 442 uerbo
418 386 573 453 conficere,
594 385 634 441 aie
650 392 677 440 et
699 381 803 440 Graeeo
858 406 907 442 σου
921 383 1155 461 κατεργάσασθαι,
1170 386 1330 444 Sardiniam
1343 385 1422 442 insu-

237 463 465 541 Κατεργύζεσθοι
480 485 513 522 eu
526 464 644 521 subinde
663 465 705 520 uis
721 465 801 532 inest,
856 465 912 522 lam
922 466 1079 543 Subigere;
1097 468 1132 524 In
1141 464 1242 543 (reqia)
1251 473 1422 542 potestatem

234 554 269 600 ut
294 548 465 620 potissimum
491 553 629 618 spectetur
655 545 734 600 Finis
761 544 803 600 rei

857 545 997 621 redigere,
1012 547 1050 603 vi.
1066 552 1094 606 2.
1110 567 1145 604 m.

238 624 397 700 impositus.
416 621 453 690 σάς
475 622 508 693 δη
519 621 601 700 [otru
620 647 653 697 γε
670 624 803 688 εὐπετέως
838 627 1000 700 Κατέργειν,
1021 625 1081 684 Ion.
1103 647 1155 702 pro
1169 631 1332 702 κατείργειν,
1349 627 1422 682 Pro·

239 703 482 781 κατεργασόμενοι,
496 706 557 762 soil.
573 702 603 761 τό
620 708 738 780 πρῆγμα
758 705 803 761 uel

238 781 269 840 τό
296 787 362 852 πᾶν,
387 786 502 862 Quippe
524 785 623 842 saltem
646 785 697 841 hos
722 785 802 842 facile

240 865 425 922 Confecturos
446 885 516 934 rem,
532 866 634 922 Finem
655 865 696 922 rei
710 865 802 940 impo-

238 945 351 1014 situros,
366 947 414 1002 vii.
431 949 498 1002 211.
514 965 540 1002 u.
551 943 691 1002 ύπεδέκετο
702 942 803 1002 ἑωυτόν

239 1021 472 1099 κατεργάσασθαι,
496 1026 687 1082 Pollieebatur
707 1045 737 1082 se
759 1027 802 1082 sui

239 1102 329 1179 (vitae
358 1101 434 1179 suae)
468 1105 556 1163 finem
583 1107 734 1174 facturum,
764 1103 802 1162 Se

857 707 971 781 pellere,
985 697 1172 782 compellere,
1188 709 1336 775 Coereere,
1359 702 1423 769 τούς

857 789 1086 863 περιγενομένους
1100 787 1126 852 ές
1138 785 1188 852 τάς
1203 789 1265 851 νέας
1279 787 1421 861 κατέρξαν,

858 867 894 922 In
907 885 993 924 naves
1007 868 1223 944 (impulerunt,
1239 876 1269 924 et
1281 868 1321 924 ibi
1339 870 1422 924 coitr-

857 953 986 1014 euerunt,
999 947 1192 1005 Exseensione
1203 947 1421 1024 prohibuerunt,

858 1045 883 1082 v.
911 1031 960 1084 63.
983 1029 1012 1102 s.
1040 1025 1080 1084 N.
1109 1025 1286 1104 κατέργοντες
1312 1023 1423 1083 πολλόν

857 1104 920 1170 τούς
930 1105 1103 1178 Ἀθηναίους,
1114 1109 1150 1165 Ια
1160 1109 1304 1184 angustias
1315 1125 1421 1182 eogen-

237 1186 332 1260 ipsum
345 1186 570 1255 interfecturum,
581 1186 600 1242 i.
612 1190 659 1242 24.
669 1205 704 1243 m.
717 1183 804 1260 (quod
857 1196 908 1256 tes,
924 1187 1011 1246 Arete
1024 1197 1195 1264 prementes,
1208 1189 1245 1245 vi.
1259 1193 1326 1245 102.
1337 1208 1364 1245 ο.
1378 1186 1420 1244 Ν.

235 1264 309 1321 attae
331 1261 553 1340 ὃιεργάζεσθαι.)
577 1263 802 1342 κατεργάσασθαι
836 1271 1017 1342 Κατερείκειν,
1042 1267 1221 1337 Discindere,
1242 1269 1421 1344 Discerpere.

237 1341 289 1413 τήν
303 1342 438 1415 Ἐλλάδα,
453 1346 512 1402 viii.
531 1349 597 1402 100.
613 1366 640 1403 α.
653 1347 801 1420 reunsiqui-
850 1343 891 1404 ,τά
909 1370 938 1403 τε
959 1349 1073 1418 ἐσθῆτος
1092 1346 1213 1426 ἐχόμενα
1230 1344 1318 1425 είχον,
1334 1354 1421 1406 ταῦτα

230 1425 305 1499 fleat
318 1427 391 1502 quod
410 1425 493 1482 Wess.
509 1423 578 1482 Not.
590 1427 628 1482 ud
640 1427 678 1482 vi.
695 1431 759 1495 102,
773 1431 801 1483 2.
856 1432 1052 1504 κατηρείκοντο,
1067 1429 1108 1486 iii.
1122 1433 1169 1486 66.
1184 1449 1210 1486 ο.
1222 1431 1296 1503 eonf-
1309 1429 1422 1504 Κοταῤ-

237 1507 285 1574 utt,
305 1505 425 1564 Vastare
439 1507 589 1572 Graeeiam,
611 1507 661 1562 sed
681 1507 802 1563 Graeciae
855 1506 999 1582 ῥηγνύειν.

237 1581 345 1658 (idest,
364 1586 500 1661 potentiae
517 1593 546 1642 et
567 1587 701 1650 libertati,
717 1589 802 1644 rebus
837 1590 979 1663 Κοτερεῖν,
1001 1593 1022 1646 i.
1038 1609 1064 1664 q,
1080 1596 1227 1656 κατειπεῖν,
1250 1587 1281 1663 1)
1301 1590 1442 1648 Deferret

239 1662 422 1739 Graeeorum)
446 1667 533 1724 tinem
555 1667 712 1742 imponere,
741 1667 802 1724 De·
857 1687 961 1726 nomen
996 1669 1124 1745 alicujus,
1158 1670 1311 1727 Accusare.
1342 1669 1421 1727 άλλύ

237 1745 343 1802 bellare
368 1746 508 1804 Graeciam
530 1753 560 1804 et
580 1767 694 1822 prorsus
717 1747 802 1804 Subi·
858 1759 943 1824 σφεας
964 1745 1047 1814 αύτός
1066 1750 1122 1822 equ
1144 1747 1259 1823 κατερέω
1283 1747 1351 1826 πρός
1372 1749 1421 1808 τόν

237 1843 315 1900 gere.
380 1824 429 1882 Sir
473 1825 709 1904 κατεργασόμενοι
751 1824 802 1896 τόν
856 1825 1421 1906 Μάγον,ἱίἰ.71.εαίν.2)Ι)οο]ακυεο,Ῐα·

237 1901 394 1980 (Περσέων)
421 1903 585 1983 ἡγεμονίην,
620 1909 661 1966 iii.
694 1911 741 1965 65.
770 1910 801 1982 s.
847 1929 949 1984 -genue
963 1911 1099 1984 profiteri.
1115 1912 1175 1966 πᾶν
1189 1913 1228 1974 εἰς
1247 1909 1278 1966 σέ
1297 1911 1420 1987 κατειρή-

238 1988 325 2060 possit
333 1989 457 2062 fortusse
471 1987 591 2063 intelliqi
607 1989 709 2046 Finem
727 1989 802 2044 feee-
857 2010 930 2046 σεται
942 1987 1004 2065 (ύπ’
1014 1987 1094 2066 ἐμοῦ)
1108 1988 1239 2059 τάληθές,
1253 1992 1289 2048 vi.
1305 1995 1353 2050 69.
1369 2013 1398 2048 u.

237 2075 305 2122 runt
317 2067 437 2142 imperio
453 2067 612 2136 Persarum,
627 2068 678 2124 sed
691 2075 717 2123 et
730 2085 801 2124 eom·
837 2071 1159 2144 KarepetuernDiruere,
1171 2071 1338 2129 Destruere.
1351 2069 1422 2128 rard

235 2147 322 2213 mode,
359 2156 389 2203 ut
419 2166 467 2204 uos
504 2148 654 2216 reddimus,
683 2148 802 2224 tutetttqt
857 2145 912 2225 γάρ
927 2173 977 2226 μιν
998 2147 1062 2224 (τήν
1084 2147 1183 2224 πόλιν)
1202 2150 1300 2224 ἐρείπει
1322 2154 1375 2227 πῦρ
1392 2175 1421 2209 τε

233 2229 325 2301 potuit
357 2227 418 2283 Sibi
445 2237 599 2297 pararunt,
630 2229 803 2303 quemadmo·
856 2231 900 2285 rel
914 2227 1139 2306 ὀξύς”Αρης,υἰὶ.
1157 2235 1224 2288 140.
1240 2251 1272 2286 m.
1285 2235 1314 2289 iu
1332 2231 1417 2289 Orue.

237 2307 301 2362 dum
335 2307 412 2382 apud
438 2306 644 2382 Xenophontem
674 2306 803 2364 Socrates
835 2307 996 2382 Κατερύειν,
1012 2312 1075 2368 uide
1089 2307 1258 2386 Κατειρύειν.

237 2389 287 2452 uit,
312 2384 467 2442 Memorat.
495 2388 536 2444 iii.
566 2391 594 2444 6.
621 2397 692 2444 eutr.
720 2390 803 2460 πειρῶ
834 2387 1035 2466 Κατέρχεσθαι.
1064 2387 1094 2465 1)
1109 2391 1216 2447 Redire
1237 2391 1268 2447 in
1288 2393 1418 2466 patriam,

236 2462 462 2540 κατεργάσασθαι
486 2464 517 2523 τό
544 2466 646 2523 εἰδέναι
668 2467 686 2522 ἃ
705 2463 805 2538 βούλει
852 2471 1246 2546 proesertirn,postexailium.
1257 2471 1281 2528 ei
1294 2495 1346 2536 κως
1355 2495 1419 2528 κατ-

237 2543 383 2620 πρύττεινι
406 2565 458 2621 quo
481 2546 561 2602 etiam
584 2549 708 2622 pertinet
732 2549 805 2623 quod
853 2545 963 2606 ἔλθοιεν
984 2550 1013 2614 ές
1027 2547 1078 2619 τὴν
1092 2548 1208 2619 ἑωυτῶν,
1228 2571 1256 2608 v.
1273 2557 1321 2610 30.
1337 2571 1364 2609 α.
1385 2572 1419 2608 m.

236 2627 314 2700 apud
327 2624 462 2682 Nostrum
476 2626 529 2682 loe.
546 2630 591 2683 eit.
611 2627 722 2684 uerbum
736 2651 799 2684 κατ·
854 2629 939 2704 (conf.
956 2628 1087 2699 κατιέναι,
1110 2651 1137 2688 e.
1159 2627 1289 2707 κάτειμι.)
1308 2629 1341 2708 2)
1355 2653 1419 2690 κατ·

238 2702 426 2803 εργοσόμενοι
454 2707 602 2782 respondet
624 2709 802 2783 prceeedeuti
852 2705 963 2784 έρχετοι
990 2708 1005 2766 ὁ
1034 2714 1142 2780 Νεῖλος,
1165 2711 1329 2781 Descendit,
1358 2713 1419 2770 De·

236 2808 411 2861 Κῖησαμὶνθίι

277 2865 311 2922 In
326 2867 417 2922 uerbis
435 2869 505 2935 istis,
520 2863 613 2943 χρόνῳ
633 2864 661 2923 δέ
680 2867 800 2943 κατεργύ
853 2888 933 2944 quum
947 2881 1044 2928 auctus
1056 2873 1236 2948 recooperuerit
1249 2891 1315 2930 suus
1328 2877 1417 2948 ripas,

237 2943 488 3002 σατοκαὶάνέπεισε
497 2947 614 3022 Ξέρξεα,
622 2946 690 3004 ὥστε
698 2945 801 3004 ποιέειν
854 2951 872 3004 i.
888 2953 932 3007 19.
948 2970 975 3006 a.
991 2971 1026 3008 m.

235 3030 332 3094 ταῦτα,
348 3027 396 3084 vii.
414 3031 442 3084 6.
459 3047 486 3083 u.
503 3047 562 3083 eum
576 3027 640 3084 aliis
655 3027 800 3084 inteltene-
834 3027 1038 3106 Κοτεύχεσθαι,
1054 3031 1222 3098 Ρτεαεσί,ἰ’σ
1241 3032 1336 3090 bonurn
1346 3053 1418 3110 per-

235 3126 295 3162 ram
320 3103 509 3182 κατεργάσατο
531 3104 703 3179 όέβούλετο,
725 3109 800 3165 Con·
853 3119 913 3166 tem.
936 3115 1006 3168 πᾶσι
1025 3119 1096 3169 τοῖσι
1118 3109 1239 3190 Πέρσησι
1258 3113 1419 3190 κατεύχεται

236 3187 345 3245 feeitid
359 3189 436 3262 quod
449 3187 586 3244 voluerat.
631 3187 690 3244 Sed
699 3190 801 3245 rectius
853 3185 883 3246 εὗ
898 3194 1026 3262 γίνεσθαι
1041 3194 1085 3248 καὶ
1093 3196 1129 3268 τῷ
1137 3189 1261 3264 βασιλέι,
1274 3195 1293 3250 i.
1307 3199 1372 3252 132.
1383 3215 1418 3250 m.

236 3267 372 3342 iutelliqes
401 3263 591 3341 κατεργάσατο
617 3265 667 3324 τόν
694 3269 800 3344 Ξέρξεα
854 3269 996 3338 Absolute,
1023 3270 1226 3348 κατευξάμενοι,
1252 3273 1329 3330 Deos
1352 3294 1418 3348 pre-

237 3347 281 3402 καὶ
305 3345 434 3403 α’νέπεισε
457 3345 551 3414 αύτόν,
573 3345 660 3416 Vieit,
679 3349 800 3423 Expug·
853 3351 917 3418 cati,
933 3352 962 3407 ii.
979 3356 1027 3408 40.
1042 3371 1069 3407 ο.
1086 3361 1112 3407 et
1125 3353 1162 3408 iv.
1181 3353 1246 3414 172.
1256 3355 1285 3426 s.

235 3427 314 3482 navit
327 3426 465 3495 Xerxem,
479 3424 716 3502 (quemadmodum
731 3429 800 3484 diet·
893 3427 1084 3491 Knrediuudnr
1105 3441 1131 3487 et
1148 3429 1334 3506 κατάρξασθαι
1352 3433 1417 3490 sub--

235 3524 294 3562 mus
315 3506 490 3582 Expugnare
509 3507 632 3582 aliquem
656 3505 801 3583 precibus)
853 3511 918 3566 inde
940 3531 957 3566 ο
976 3511 1102 3568 librariis
1124 3514 1238 3586 confusa
1252 3513 1315 3568 etde
1329 3531 1417 3588 supro

235 3594 265 3642 et
292 3587 432 3662 persuasit
462 3586 498 3642 ei.
557 3585 693 3644 Similiter
722 3589 801 3662 apud
854 3609 917 3646 uoee
932 3588 1140 3666 Κοτάρχεσθοι.

237 3665 365 3742 Xenoptr.
380 3664 468 3723 Mem.
478 3667 507 3723 ii.
517 3671 544 3736 3,
559 3671 605 3724 16.
617 3666 801 3740 κατεργάσαιο
832 3669 1416 3747 Kureuoxe'eqdur,Lauteepulandumqu-

236 3745 299 3812 τούς
313 3745 477 3822 ἀνθρώπους
491 3747 561 3804 idem
575 3747 650 3804 ualet
663 3767 696 3804 ae
715 3747 799 3817 ἕλοις,
852 3773 896 3814 τες
906 3748 940 3807 τά
953 3749 1016 3827 κρέα
1025 3748 1250 3829 κατευωχέονται,
1265 3753 1284 3808 i.
1301 3757 1370 3810 216.
1380 3773 1415 3810 m.

235 3828 361 3902 quodibi
376 3828 464 3904 punto
483 3837 547 3884 unte
566 3828 676 3903 leqitur.
693 3829 800 3886 Eodem
833 3827 979 3908 Κοτέχειν,
999 3828 1028 3906 1)
1049 3833 1149 3890 Potiri.
1173 3831 1222 3890 ira
1241 3830 1368 3911 κατάσχῃ
1382 3831 1417 3890 τύ

232 3911 355 3982 pertinet
368 3910 442 3984 quod
459 3910 537 3984 apud
550 3907 685 3966 Nostrum
699 3919 748 3978 est,
763 3907 800 3974 eie
853 3910 882 3966 έν
904 3910 989 3990 Σάμῳ
1004 3911 1166 3990 πρήγματα,
1189 3913 1229 3970 iii.
1252 3917 1317 3970 143.
1333 3915 1362 3989 s.
1380 3913 1416 3970 rei

236 3985 264 4044 δέ
277 3987 304 4044 οἱ
317 3991 524 4066 προσπέμποντι
538 3986 586 4046 orie
605 3987 721 4048 ἐδύνατο
735 4013 799 4047 κατ·
851 3989 982 4070 χρήματα
992 3991 1096 4070 Σάμιος
1106 3991 1177 4069 α’νήρ
1186 3990 1311 4070 κατέσχε,
1319 3994 1356 4051 ἰν.
1366 3999 1414 4051 43.

235 4071 417 4142 εργασθῆναι,
432 4071 471 4126 ix.
490 4073 556 4127 108.
571 4090 598 4126 u.
619 4071 667 4128 ott
687 4091 741 4128 nou
755 4074 800 4128 iu·
853 4069 1103 4150 οαίνμέλλωντὴν
1114 4071 1416 4151 α’κρόπολινκατασχή-

235 4148 371 4223 telliqr'tur
392 4146 422 4206 τό
440 4151 545 4226 χρῆμα,
560 4148 641 4219 aedri
664 4150 737 4224 γυνή
753 4148 801 4208 onir
854 4174 922 4222 σειν,
938 4174 964 4210 v.
979 4155 1026 4215 72.
1037 4174 1072 4211 m.
1085 4151 1271 4230 κατασχόντες
1285 4158 1372 4212 ταῦτα
1382 4153 1417 4212 τά

234 4225 383 4286 έδύνατόοί
393 4232 624 4305 κατεργασθῆναι,
632 4231 801 4288 Muliernon
853 4237 950 4308 χωρία,
977 4234 1061 4291 Locis
1085 4235 1162 4292 hisce
1190 4234 1296 4302 Potiti;
1321 4235 1416 4292 Occu·

234 4309 329 4384 potuit
349 4310 385 4366 ab
412 4309 461 4366 illo
485 4305 744 4385 (sollicitationibus
768 4332 800 4369 ae
851 4315 924 4388 petis
948 4314 1025 4370 hisce
1046 4315 1123 4382 locis,
1148 4314 1184 4369 vi.
1214 4318 1281 4370 101.
1305 4334 1332 4372 u.
1357 4334 1416 4371 eum

234 4390 381 4464 promissis
400 4385 489 4464 illius)
510 4391 688 4465 Expugnari,
704 4392 798 4460 Vinci,
857 4391 923 4450 Ver.
941 4391 1020 4450 lieet.
1037 4404 1062 4450 et
1076 4392 1144 4450 Not.
1166 4391 1234 4449 Tum
1249 4397 1277 4450 in
1293 4394 1413 4452 Medio:

236 4469 411 4540 Permoveri,
431 4471 611 4528 Persuaderi.
635 4469 730 4545 Σαρδιύ
750 4475 799 4539 νῆ·
852 4471 1041 4549 κατασχέσθαι
1065 4471 1100 4530 τά
1123 4469 1263 4550 χρήματα,
1287 4473 1348 4532 Sibi
1370 4495 1416 4533 re·

853 2789 917 2846 fluit
939 2791 1022 2848 Nilus
1043 2793 1072 2848 in
1091 2811 1172 2868 uqros
1184 2813 1194 2860 ;
1217 2811 1321 2867 nempe,
1341 2805 1419 2868 post·
1505 2846 1507 2850 ,
1586 2807 1587 2836 ³
