3068 5028
359 241 450 296 ENA

111 369 252 440 Ὲναντιά,
267 370 382 429 adverb.
399 373 419 426 i.
435 389 460 445 q.
475 367 567 437 α’ντία,
583 367 693 426 Adver-

129 470 183 520 suS,
200 451 251 508 Ex
264 451 393 508 adverso.
411 449 603 518 ἐπηπείλησαν
621 457 692 506 τοῖσι

24 573 25 577 ,
129 527 436 606 στρατοπεδευομένοισι
462 527 579 586 ἐναντία
605 533 691 606 σφίσι,

129 613 164 667 ni.
181 615 233 668 32.
250 631 277 668 α.

112 688 261 760 Ἐναντίος,
288 714 314 758 η,
340 713 382 758 ον,
405 689 560 757 Adversus,
582 689 691 746 Adver-

128 772 229 827 sarius.
241 768 272 835 ἐξ
281 769 421 836 ἐναντίος,
433 769 492 826 scil.
502 765 576 836 iboni,
586 769 632 825 Ex
642 769 692 825 ad·

128 868 219 914 nereo,
233 849 264 906 A
282 857 362 924 perte
381 849 518 924 opponite,
537 849 596 904 viii.
612 849 640 910 7.
655 867 690 904 m.

132 930 212 1004 Coris.
225 926 420 996 Ἐπισπέσθαι,
436 938 461 986 el
475 926 592 992 Ἀντίας.
608 924 692 984 ε’ναν-

129 1012 209 1065 τίοισι
217 1012 346 1082 sortusse
360 1027 415 1083 pro
433 1006 465 1064 ἐν
479 1006 586 1064 adicias
600 1006 692 1083 leperi-

130 1090 190 1144 dum
204 1090 247 1145 iii.
265 1093 314 1144 52.
330 1109 365 1146 m.
378 1088 580 1164 coniectaverat
594 1085 690 1144 Volcis.

112 1170 332 1236 Ἐνοντιοῦσθαι,
367 1167 534 1237 Οοοατιειε,
570 1166 692 1224 Obviam

128 1250 234 1316 venire,
256 1248 421 1316 Adversari,
446 1249 514 1304 Sese
538 1265 691 1322 opponere,

128 1331 145 1384 i.
161 1349 188 1404 q.
206 1325 398 1395 Ἀντιούσθαι,
413 1328 486 1402 quod
499 1327 572 1384 vide.
592 1328 616 1382 εί
636 1323 692 1401 γιίρ

128 1412 169 1464 καὶ
178 1406 234 1484 (τῷ
243 1401 274 1464 εὖ
287 1403 514 1483 βεβουλευμένον)
525 1405 691 1475 ἐναντιωθῆ-

129 1492 173 1544 ναί
192 1512 221 1544 τι
240 1485 326 1554 θέλει,
344 1487 394 1543 vii.
418 1491 463 1553 10,
483 1491 513 1544 4.
528 1506 563 1544 m.
582 1483 692 1550 ου’δενός

128 1591 166 1624 τοι
185 1564 411 1642 ἐναντιουμένου,
428 1566 550 1622 Nemine
571 1567 621 1624 tibi
639 1567 691 1624 ob·

128 1657 230 1714 sente,
245 1648 434 1714 Adventante,
448 1647 497 1702 vii.
513 1650 562 1703 49.
571 1648 600 1721 s.

110 1724 281 1796 Ἐναπιέναι,
310 1726 418 1802 (lomice
439 1745 494 1800 pro
521 1722 684 1798 ἑνοφιέναι)

129 1808 292 1864 Immittere
306 1807 523 1880 demittereque.
564 1804 691 1881 Tomyris

124 1890 280 1962 praecisum
292 1887 363 1962 Cpri
373 1894 457 1960 caput
467 1884 586 1954 ἐναπῆκε
598 1884 628 1950 ἐς
641 1881 690 1941 τδν

127 1965 224 2036 danis,
240 1967 367 2024 Demieit
386 1967 414 2022 in
432 1985 545 2022 saccum
558 1968 691 2041 sanquine

128 2048 274 2122 repletum,
294 2047 314 2102 i.
336 2049 405 2102 214.
414 2048 442 2120 s.
456 2045 504 2102 ubi
516 2045 568 2102 alii
581 2045 691 2120 quidem

128 2125 281 2196 infarcirent,
296 2125 331 2182 ab
351 2122 548 2194 Ἐναπύπτειν,
563 2124 623 2182 Ιοο.
637 2143 691 2198 pro

128 2204 310 2284 ἐναφιίπτειν.
330 2205 398 2261 Vide
413 2203 479 2262 Var.
492 2203 570 2261 Lect.
581 2213 609 2260 et
621 2202 690 2262 Not.

110 2284 381 2354 Ἐναποδείκνυσθοι,
396 2285 467 2340 idem
478 2286 546 2359 sere
559 2303 592 2340 uc
605 2281 691 2340 ἐνδεί-

129 2368 246 2424 κνυσθαι
261 2374 310 2422 aut
326 2362 547 2428 ἀποδείκνυσθαι,
564 2365 633 2420 Sese
647 2383 691 2420 os·

127 2454 249 2514 tentare,
270 2447 340 2509 sive,
360 2443 481 2501 Pession
498 2447 615 2512 notione,
636 2444 692 2500 Os·

128 2519 690 2598 tentaribe‘betavfln,obbtvecotpae’to-

128 2628 181 2674 τες,
188 2605 221 2662 ἐν
229 2603 374 2679 οὐδαμοῖσι
382 2602 456 2660 ἐοῦσι
461 2601 582 2671 Ἕλλησι
592 2601 691 2660 ἐναπε-

127 2683 280 2754 δεικνύατο,
295 2683 369 2758 (Ιοο.
380 2703 435 2758 pro
447 2681 691 2758 ἐναπεδείκνυντο)

128 2766 169 2826 ix.
185 2770 236 2822 58.
251 2785 287 2821 m.
308 2762 423 2820 Verbum
436 2761 690 2832 ἐναποδείκνυσθαι,

129 2845 203 2920 quod
217 2843 347 2900 inHenr.
363 2842 502 2918 Stephani
516 2841 599 2899 Tbes.
607 2845 692 2917 frus-

128 2934 175 2981 tru
189 2943 314 3000 quares,
328 2923 406 2998 apud
415 2921 561 2998 Polybium
571 2923 691 2996 quidem,

128 3007 177 3079 qui
187 3003 234 3079 (ut
247 3007 277 3060 in
288 3003 392 3060 Lexieo
404 3001 557 3077 Polybiane
571 3003 691 3058 ostendi-

979 246 1068 300 ENA

747 369 824 428 unde
845 371 950 430 nullius
974 391 1035 430 esse
1061 393 1091 432 ιε
1114 374 1208 450 pretii,
1231 375 1306 432 inter

749 447 875 521 Graecos,
912 459 942 508 et
975 454 1050 529 ipsos
1084 454 1189 511 nullius
1222 455 1306 529 pretii

739 530 830 599 siros,
845 532 1039 590 ostenderunt.
1074 533 1167 590 Henr.
1185 532 1306 608 Stepba-

747 629 798 666 nus
810 630 861 686 quo
872 623 955 686 pacto
974 615 1170 689 interpretatus
1184 616 1220 670 sit
1234 633 1306 670 eum·

747 691 807 746 dem
821 689 916 760 ίοοιιιο,
932 711 985 748 non
1000 694 1084 750 babeo
1098 695 1211 750 dicere:
1234 713 1305 762 nani,

747 769 820 844 quod
837 769 886 826 ille
903 773 931 826 in
949 791 999 828 oro
1018 791 1079 830 suae
1097 773 1224 830 editionis
1243 771 1306 829 He-

746 850 837 906 rodoti
849 852 981 925 scripsit:
998 853 1100 910 “Vide
1114 871 1208 909 mecm
1222 853 1307 927 hujus

746 927 801 984 loci
814 931 1077 1006 interpretationem
1096 932 1127 988 in
1140 933 1213 989 libro
1228 933 1306 988 Con-

746 1009 861 1066 cionum
874 1010 901 1066 :'’
925 1029 1068 1086 numquam
1082 1012 1149 1067 mibi
1162 1031 1214 1068 usu
1233 1015 1307 1068 uenit

746 1088 846 1145 librum
860 1089 937 1146 illum
950 1091 1037 1146 oeulis
1044 1109 1192 1165 usurpare.
1229 1090 1303 1148 Per·

746 1177 811 1242 apte
834 1187 899 1225 oero
921 1168 997 1226 AEm.
1022 1169 1125 1227 Portus
1149 1173 1178 1227 in
1202 1169 1306 1227 Leonico
1397 1159 1404 1176 ⁰

747 1247 849 1315 lonico,
866 1249 938 1306 bunc
954 1252 1043 1324 ipsum
1064 1249 1202 1307 Herodoti
1221 1250 1307 1308 loemn

745 1330 909 1402 respiciens,
938 1330 1049 1386 verbum
1080 1327 1307 1386 ἐναπεδεικνύατο

747 1407 971 1466 ostentabantur
993 1409 1038 1466 σοί
1061 1409 1250 1466 ostentabant
1275 1429 1306 1466 ee

746 1487 943 1562 interpretatus
970 1499 1020 1546 est.
1072 1487 1185 1546 Scilicet
1211 1490 1305 1546 eadem

746 1567 840 1642 utique
858 1571 966 1626 notione
984 1568 1065 1626 uerbo
1083 1567 1133 1626 isto
1154 1569 1306 1644 dupliciter

746 1649 891 1722 composito
905 1667 971 1705 usus
985 1669 1043 1706 esse
1057 1648 1217 1706 Herodotus
1230 1650 1304 1706 oide-

745 1735 800 1794 tur,
829 1745 885 1802 qua
912 1727 963 1784 alii
989 1738 1115 1786 auctores
1142 1728 1305 1803 simpliciori

746 1806 828 1862 oerbo
841 1804 1039 1864 ἐνδείκνυσθαι.
1051 1807 1201 1865 AEsebines
1209 1817 1305 1864 eontra

748 1885 872 1960 Ctesipb.
889 1905 922 1960 p.
939 1891 1009 1944 610.
1024 1907 1081 1962 seq.
1097 1889 1133 1944 ed
1144 1885 1243 1942 Reislc.
1258 1885 1304 1942 ε’ν-

745 1963 919 2041 δεικνύμενος
945 1964 1126 2042 Ἀλεξιύνδρμ,
1151 1967 1303 2022 Ostentane

745 2065 775 2100 se
789 2045 963 2101 Alexandro.
988 2045 1159 2102 Plutarobus
1177 2043 1203 2099 V
1200 2048 1230 2101 it.
1246 2045 1304 2100 Cio.

746 2144 770 2182 c.
786 2129 832 2180 14.
845 2143 876 2198 p.
888 2129 955 2182 323.
968 2125 1004 2182 ed
1014 2125 1096 2182 Han.
1109 2133 1166 2188 τοῖς
1179 2122 1304 2196 συνωμό-

746 2227 807 2268 ταις
826 2201 1041 2281 ἐνδεικνύμενος,
1063 2205 1224 2280 Conjurntis
1244 2225 1305 2262 sese

747 2293 901 2341 ostentans.
940 2284 982 2341 At
995 2286 1073 2362 apud
1085 2283 1220 2341 Nostrum
1234 2304 1306 2342 nunc

747 2361 974 2422 ἐναπεδεικνύατο
1001 2385 1054 2422 non
1082 2374 1136 2422 tam
1162 2369 1307 2439 reciproco

746 2447 863 2512 notione,
871 2443 1061 2502 ostentabant
1069 2465 1139 2512 sese,
1151 2464 1306 2520 quampas-

746 2527 808 2580 sica
827 2527 920 2598 suerit
943 2526 1141 2600 accipiendum,
1164 2526 1307 2582 Ostentati

746 2612 822 2671 sunt,
837 2603 995 2679 Tamquam
1014 2606 1152 2681 praecipui
1166 2614 1196 2662 et
1208 2605 1307 2661 eximii

745 2683 874 2758 insigniti
888 2691 917 2740 et
930 2685 1063 2742 celebrati
1077 2693 1160 2742 sunt:
1182 2687 1307 2759 refertor

746 2765 816 2818 enim
835 2763 885 2818 boc
905 2764 1006 2820 dictum
1025 2766 1064 2821 ad
1081 2765 1112 2821 id
1130 2765 1203 2840 quod
1216 2764 1305 2838 paulo

745 2851 809 2899 ante
822 2843 893 2898 idem
907 2841 1077 2900 Mardonius
1092 2840 1244 2910 dixeratv‘
1266 2851 1306 2906 εἷς

745 2921 856 2993 ἐλέγετε
870 2921 1105 2998 Λακεδαιμονίους
1115 2919 1219 2996 ἄνδρας
1233 2866 1305 2977 sibae

745 2999 781 3058 τα
794 3003 913 3076 πολέμια
927 2999 1059 3075 πρώτους.

128 3087 204 3158 mus)
231 3086 400 3158 frequenter
427 3101 457 3138 eo
490 3084 585 3150 utitur,
621 3081 693 3138 nibil
724 3079 966 3148 Ἐνοπονίζεσθαι,
976 3081 1078 3136 Lavari
1086 3080 1115 3135 in
1120 3081 1222 3156 fluuio,
1227 3079 1308 3153 pelvi

129 3164 210 3220 aliud
223 3165 280 3219 nisi
294 3162 463 3230 Ostendere,
478 3161 690 3230 Demonstrare,

128 3244 278 3321 siqnifieot.
332 3240 466 3298 Similiter
493 3241 578 3298 verba
604 3259 691 3316 supra

20 3347 21 3366 ι
126 3327 245 3398 scripta,
275 3322 372 3398 quibus
405 3321 485 3396 opud
518 3319 691 3378 Herodotum

20 3439 22 3452 ›
128 3402 303 3460 Mardonius
335 3401 369 3458 de
396 3401 616 3458 Lacetanorum
650 3401 690 3456 lo-

746 3169 795 3216 aut
821 3159 876 3216 alio
904 3159 1019 3236 quodam
1046 3177 1121 3216 oase.
1150 3156 1182 3215 ού
1209 3166 1306 3235 χεῖρας

746 3243 927 3306 α’πονίζοντοι
935 3237 980 3314 (ἐν
990 3242 1027 3316 τῷ
1040 3235 1166 3315 ποταμῷ)
1175 3238 1194 3295 ἰ.
1204 3241 1303 3313 138.s.

746 3319 778 3376 ἐν
788 3323 824 3396 τῷ
834 3316 1015 3396 ποδανιπτῆρι
1025 3317 1088 3384 τούς
1102 3315 1190 3382 πόδας
1203 3317 1307 3375 ἐναπο-

747 3401 866 3470 νιζέατο,
877 3400 910 3472 ii.
926 3401 992 3462 172.
1008 3420 1035 3457 a.
1051 3420 1086 3456 m.

20 3511 21 3514 ¹
128 3503 216 3558 quens
241 3485 340 3551 utitur,
363 3469 467 3537 ¹Latine
493 3483 533 3538 sic
559 3483 693 3536 conuertit
726 3477 863 3550 Ἐνοίπτω,
890 3480 994 3538 Induo.
1023 3482 1154 3543 Αἰθίοπες
1175 3479 1307 3542 λεοντέας

130 3561 315 3620 Gronovius:
356 3561 559 3630 Ostenderunt,
587 3560 691 3616 nullius

127 3662 189 3699 nese
210 3642 307 3718 pretii,
327 3641 402 3697 inter
420 3641 545 3707 Graecos‚
565 3651 595 3696 et
614 3639 691 3714 ipsos

744 3558 904 3636 ἐναμμένοι,
925 3561 974 3616 vii.
996 3563 1044 3616 69.
1065 3580 1093 3617 a.
1114 3557 1156 3615 N.
1178 3558 1225 3615 ubi
1243 3559 1306 3614 olim

745 3639 910 3716 (ἐναμμένοι.
930 3640 1011 3714 Conf.
1025 3636 1185 3695 Ἐποίπτειν.

127 3723 235 3780 nullius
261 3721 347 3796 pretii
372 3721 456 3789 viros,
483 3719 690 3776 demonstrari:
725 3712 1308 3795 Ἐναργέιυς,ΟΙαυο,Ροτερίουο.χρησμούς

128 3822 211 3877 quam
226 3804 378 3857 versionem
396 3802 525 3856 intactum
545 3797 691 3854 Wesselin·
746 3798 885 3874 ἐναργέως
899 3800 1046 3870 λέγοντας,
1061 3797 1119 3853 viii.
1133 3796 1180 3856 77.
1195 3813 1222 3850 a.

124 3885 189 3957 pius
208 3883 342 3937 seroaoit.
384 3878 435 3946 At,
450 3878 508 3934 alia
525 3887 556 3934 ut
575 3887 689 3942 taceam,
726 3876 875 3953 Ἐναργνὶς,
891 3874 915 3946 ὁ,
931 3875 957 3946 ἡ,
974 3876 1155 3950 Perspicuus,
1166 3873 1305 3930 Manifes-

124 3960 348 4035 perineommode
373 3959 473 4014 dictum
496 3958 591 4014 uidere
610 3957 691 4014 debe·
747 3968 810 4015 tus:
833 3977 892 4012 cum
906 3955 1010 4012 Datioo
1029 3955 1193 4030 Perspicue‚
1208 3954 1305 4010 Mani-

128 4042 184 4108 bat,
201 4040 398 4098 ostenderunt
408 4057 469 4094 sese
483 4038 689 4106 demonstrari3
746 4039 816 4094 feste
843 4037 969 4095 indicans
996 4035 1113 4111 aliquid.
1144 4031 1306 4110 Ἵππαρχον

129 4123 211 4196 quasi
221 4119 557 4188 dions,Dem0nstrarunt
571 4137 630 4174 sese
641 4119 691 4174 de·
747 4114 840 4173 ὶδόντα
850 4111 962 4192 ὄψιντῷ
976 4113 1077 4173 ἑωυτοῦ
1091 4111 1174 4171 πάθει
1188 4112 1305 4188 ἕναργε·

128 4201 293 4258 monstrari.
326 4199 407 4260 Quod
424 4197 614 4255 incommodum
628 4215 691 4254 scn—
747 4193 859 4264 σπάτην,
874 4215 900 4251 v.
917 4201 965 4253 55.

129 4283 201 4337 tiens
217 4277 308 4348 Valla,
320 4281 415 4334 omisso
425 4278 538 4334 duorum
549 4277 692 4334 uerborum
725 4275 860 4348 Ἐνορέες,
876 4272 1012 4350 Ἐνάρεες,
1027 4276 1071 4334 uel
1083 4271 1216 4350 Ἔνιίριες,
1231 4273 1308 4346 apud

130 4357 278 4432 (διέδεξαν,
314 4353 555 4432 ἐναπεδεικνύατο)
595 4357 691 4422 altero,
749 4355 878 4433 Scythas,
914 4355 1043 4413 dicuntur
1076 4356 1140 4412 Viri
1174 4351 1305 4410 muliebri

134 4437 243 4496 Graeca
257 4441 311 4495 ista
324 4439 368 4496 bis
383 4437 493 4495 Latinis
506 4437 689 4494 reddiderat:
747 4438 847 4494 morbo
860 4437 1028 4504 laborantes,
1043 4435 1062 4492 i.
1082 4438 1147 4490 105.
1164 4441 1235 4488 ectr.
1251 4429 1304 4484 ibi-
