3174 5040
420 287 498 338 ῘΣΤ

186 411 277 514 ρίοντι
308 415 446 473 incidetur
480 417 578 482 cretio,
606 433 659 471 non
689 423 753 490 post

186 491 316 564 Ἑλένην,
331 505 362 552 nt
376 494 484 553 Graeca
504 499 557 553 ista
573 495 618 551 iris
631 494 751 562 Latinis,

187 576 299 632 verbnm
308 577 343 632 de
354 576 444 639 uerbo
455 574 660 651 respondeant:
676 576 752 632 Scis-

186 657 286 714 citanti
313 657 385 714 milri
420 656 556 713 dixerunt
583 656 751 725 sacerdotes,

183 756 231 793 res
247 737 368 793 Helenae
382 737 422 793 sic
436 755 465 792 se
480 737 593 793 habere.

229 816 321 874 Semel
338 817 416 892 apud
433 814 577 884 Nostrum,
596 835 646 873 nec
662 825 752 873 tamen

185 899 254 954 catis
269 897 384 973 liquido,
399 897 511 953 verbnm
525 895 655 972 irrupisti
668 907 751 954 meto·

185 980 294 1050 npmica
308 981 416 1034 notione
434 974 671 1053 (quemadmodum
684 980 751 1052 sre-

184 1067 300 1134 qnenter
322 1055 529 1132 πυνθάνεσθαι)
550 1077 604 1134 pro
623 1058 751 1134 Cognos-

185 1158 260 1206 cere,
294 1139 470 1213 comperire,
502 1139 648 1214 Accipere,
684 1139 751 1196 Dis-

185 1236 258 1287 cere,
297 1227 459 1318 usurpatum
489 1227 617 1316 prpt'erntn
635 1220 748 1276 uideri:

184 1318 279 1393 pempe
303 1303 328 1356 si
348 1297 415 1394 drop}
440 1295 578 1374 ίστορέων,
598 1299 628 1354 ii.
650 1303 698 1356 29.
721 1319 748 1355 α.

183 1381 378 1454 interpreteris
386 1380 497 1436 Auditu
506 1379 654 1454 accipiens3
667 1399 749 1455 quum

184 1462 214 1514 in
223 1469 334 1534 partem
345 1458 421 1516 AEm.
436 1459 548 1525 Portus,
564 1460 693 1516 Rumore
706 1461 749 1516 fa·

1042 285 1119 342 ΙΣΧ

806 413 883 470 tione
902 413 1044 490 cognovit,
1064 415 1204 491 expositio
1225 423 1254 472 et
1276 418 1368 493 expli-

804 493 888 551 catio.
900 494 1035 570 Adeoque
1039 496 1165 571 formeria
1175 494 1369 571 ίστορίηςιίτό-

806 570 874 638 δεξις
885 576 962 650 apud
975 573 1110 633 Nostrum
1124 577 1194 632 idem
1209 577 1284 634 ualet
1297 580 1370 654 qnod
1394 625 1395 632 ,

804 655 882 730 apud
889 659 1025 732 sequioris
1039 675 1095 713 ceri
1090 659 1254 760 scriptores
1265 659 1368 716 nudam

805 735 964 792 vocabulum
975 734 1084 811 ίστυρία
1097 735 1164 793 sei
1156 741 1280 812 ιστορίαι.

847 812 880 890 3)
894 815 945 873 Au
958 835 1035 873 usum
1057 816 1139 891 hujus
1153 817 1280 894 αοααίυίι·
1293 819 1371 893 apud

804 899 939 972 sequioris
948 899 1064 954 monime
1076 900 1134 954 aeei
1141 900 1292 972 scriptores
1296 917 1367 973 per·

805 977 943 1052 culpatum
954 980 1082 1053 proxime
1094 978 1283 1053 acceditqnod
1298 978 1367 1054 lepi-

804 1065 850 1113 tur
853 1059 949 1157 αρριί
969 1055 1149 1114 Nostram
1123 1057 1171 1114 vri.
1193 1061 1242 1114 96.
1267 1077 1294 1114 α.
1311 1060 1367 1115 τῶν

803 1134 869 1210 έγοί,
884 1136 917 1194 ου’
938 1135 994 1236 γιὶρ
1012 1136 1155 1235 ἀναγκαίῃ
1173 1134 1350 1236 έξέργομαι’
1339 1161 1368 1203 ις

802 1216 923 1293 ἱστορίης
948 1216 1047 1290 λόγον,
1076 1239 1107 1273 ου
1134 1214 1366 1312 παραμέμνημαι.

802 1297 840 1354 Id
854 1308 915 1354 est:
932 1300 1063 1360 Quorum
1074 1317 1128 1374 ego
1142 1298 1257 1354 nomina
1271 1300 1365 1367 edere,

802 1375 869 1453 (nec
883 1379 960 1436 enim
980 1397 1096 1435 necesse
1119 1387 1162 1434 est
1176 1378 1211 1434 ad
1227 1377 1367 1436 Historiae

801 1455 954 1553 rationem)
968 1459 1151 1534 supersedeo.
1169 1456 1283 1514 Scilicet
1294 1459 1363 1515 His-

183 1558 287 1614 maque
306 1541 406 1609 sciens,
427 1557 611 1615 cognoscens,
627 1541 747 1605 discens,
802 1540 883 1596 toriae
897 1540 970 1596 ratio
983 1558 1036 1596 non
1047 1538 1179 1614 postulat,
1191 1547 1222 1595 at
1235 1538 1364 1595 obscuro-

183 1621 381 1696 interpretatus
400 1628 449 1676 est.
487 1619 528 1676 Ar
541 1620 697 1688 videndum,
713 1639 748 1676 ne
799 1639 861 1676 rum
901 1621 1035 1676 dominnm
1069 1622 1187 1687 nomino,
1220 1637 1366 1694 eorumque

182 1699 222 1756 ibi
235 1699 363 1758 vocab’
344 1704 411 1781 eropi
424 1720 442 1756 α
460 1701 642 1776 praecedente
665 1703 748 1757 serbo
800 1719 914 1774 quornm
941 1699 1019 1756 nuile
1041 1699 1190 1774 praeciore
1208 1701 1292 1774 sacta
1315 1719 1365 1755 ex·

182 1777 323 1858 ἐπυθόμην
344 1782 476 1880 pendeat,
498 1799 594 1855 nempe
619 1777 748 1856 ἱστορέων
799 1788 882 1849 stant,
896 1784 1036 1837 memoriae
1054 1789 1227 1855 posterorum
1246 1779 1364 1836 tradun-

181 1859 364 1938 ἑπυθόμην’
345 1865 420 1943 accpi,
442 1861 554 1917 Auditu
573 1857 675 1936 (fama)
699 1881 747 1918 ac·
799 1870 854 1916 tur.
884 1860 1046 1917 Larciserns
1069 1859 1226 1954 pnidemis.
1246 1857 1298 1915 l.‘
1290 1881 1363 1916 ιστο-

182 1960 244 2016 cepr
237 1922 478 2018 'percunctando
798 1944 872 2036 ρίαν,
885 1959 1004 2016 prorsus
1018 1949 1048 1996 nt
1064 1943 1094 1995 in
1112 1938 1207 2013 Proes.
1224 1937 1290 1994 iibri
1297 1941 1362 2013 pri·

161 2015 289 2115 Ἱστρρίη,
304 2045 346 2091 ης,
361 2023 388 2091 η,
406 2019 437 2096 1)
457 2021 626 2089 Sciscitntio,
643 2021 745 2118 lpqui-
798 2025 844 2089 mi,
858 2021 1086 2123 inquisitionem,
1099 2017 1362 2093 Investigstionem,

182 2101 256 2170 sitio,
273 2099 482 2178 Exploratioff
474 2105 607 2198 ιστορίησι
627 2099 746 2178 φάμενοι
799 2103 856 2158 mie
857 2101 989 2178 tepebat
1022 2100 1165 2156 ‘’⁴netent
1188 2117 1239 2174 pas
1265 2099 1361 2174 oblige

181 2179 283 2238 εἰδέναι
311 2182 425 2258 (ταῦτα)
453 2179 518 2256 παρ’
542 2177 626 2238 αὐτοῦ
653 2183 745 2238 Μινέ-
799 2180 901 2240 sfaire
914 2182 942 2238 le
954 2180 1107 2238 recherche
1124 2181 1159 2236 de
1178 2178 1242 2235 leur
1254 2178 1351 2235 nom

180 2263 245 2330 λεω,
270 2263 406 2320 Dicentes
434 2281 463 2319 se
491 2263 553 2318 haec
578 2262 746 2320 sciscitando
799 2281 879 2338 qnam
903 2265 932 2318 in
957 2262 1117 2360 ιιιιισιιιίαιρ
1140 2262 1181 2316 cic
1205 2261 1362 2364 scripturus

181 2344 346 2417 cognovisse
360 2363 397 2400 ex
405 2361 467 2420 ipso
478 2342 648 2411 Menela0,'
630 2361 660 2398 ιι
675 2347 741 2399 118.
791 2345 893 2418 suerat
904 2351 1009 2411 auctor,
1020 2364 1051 2397 ου
1067 2363 1122 2416 γαρ
1132 2343 1273 2417 αναγκαιη
1288 2336 1361 2414 ε’ξέρ-
1378 2353 1381 2360 ’

179 2421 272 2479 aEt
291 2424 379 2498 punio
399 2432 473 2498 post,
496 2425 613 2480 τουτέων
635 2419 670 2479 τιί
680 2419 744 2520 μέν
799 2415 1362 2524 popae(sp'ue'pptins,iiipppdnrssrrope‘em

177 2500 313 2604 ἱστορίῃσι
332 2501 442 2582 ’έφασαν
460 2504 493 2560 έπ
494 2505 635 2571 ίστ,ασθαι
651 2523 685 2559 τα
680 2499 742 2570 δέ,
799 2506 887 2580 σφῶν
890 2501 925 2560 τιί
938 2501 1089 2600 οὐνόματα.
1106 2501 1191 2558 Nunc
1205 2500 1361 2575 adsormn·

177 2579 243 2658 παρ’
273 2582 397 2642 ἑωυτοῖσι
431 2581 579 2678 γινόμενα,
615 2581 744 2658 ἀτρεκέως

176 2661 356 2760 ἐπιστάμενοι
371 2665 512 2738 λέγειν,”
493 2683 521 2720 ιι.
540 2668 606 2721 119.
616 2667 644 2739 s.
662 2663 742 2739 Cous.

176 2740 332 2820 Ἱστορέειν.

217 2823 253 2898 2)
277 2825 472 2903 Μιιοιιριιιίοι,
496 2825 541 2882 Ειι
562 2843 628 2901 quae
647 2825 742 2881 scisci-

179 2907 265 2963 tando
289 2908 333 2963 vel
351 2907 522 3006 inquirepdo
546 2906 740 2980 cognovimus.

175 2981 260 3084 μέχρι
280 2985 333 3063 μέν
349 2985 444 3044 τούτου
461 2983 526 3060 ὄψις
539 3008 568 3042 τε
584 2982 602 3054 ἦ
621 2981 682 3082 ἐμή,
697 2985 742 3041 καί

798 2583 852 2640 inm
875 2581 1018 2660 οίναγκαίῃ
1045 2579 1192 2658 ἐξέργομαι
1218 2581 1363 2654 manifeste

797 2664 961 2740 inteliipitur
991 2664 1146 2739 infinitivus
1177 2663 1361 2736 ταραμιμνῆ-

798 2746 871 2810 σθαι,
882 2743 1138 2844 quemadmodpm
1114 2761 1161 2799 vn
1143 2743 1210 2799 99.
1214 2759 1242 2796 ο.
1246 2741 1295 2808 ait,
1305 2743 1362 2796 τῶν

796 2823 850 2900 μέν
865 2847 916 2881 νυν
927 2821 1026 2880 ἄλλων
1036 2820 1069 2879 ori
1064 2818 1302 2920 παραμέμνημαι
1311 2841 1360 2876 τα·

796 2902 941 2982 ξιαρχέων,
970 2926 1008 2967 ως
1038 2900 1087 2959 ουίι
1119 2895 1359 2998 ἀναγκαζόμενος,

796 3005 892 3060 nempe
905 2983 1139 3060 παραμεμνῆσθαι
1152 2977 1252 3036 αυτῶν.

179 3065 288 3168 γνιίμη.
312 3068 356 3123 καὶ
379 3066 483 3165 ἱρτορίη
505 3067 591 3123 ταῦτα
617 3063 742 3137 λέγουσα
768 3061 863 3134 ”,Ιστω
880 3066 965 3134 Sciat,
980 3063 1069 3162 spide
1058 3082 1086 3119 m
1101 3057 1223 3117 Είδέναι.

176 3145 236 3202 έστί
249 3169 279 3203 το
271 3143 359 3202 δι’
338 3169 394 3203 ατο
388 3144 504 3244 τρυδι,
511 3140 740 3221 Αίγυιττίουςέρ-
768 3142 923 3222 ΙἸσχειν,’
912 3164 970 3221 aq.
989 3139 1077 3219 ἔχεο.
1100 3140 1279 3236 1)Hsbere,
1301 3137 1359 3194 Te·

175 3248 264 3302 χομαι
278 3223 484 3303 λόγονςέρέων,
496 3227 525 3283 ii.
539 3228 588 3283 99.
599 3245 624 3282 ιι.
636 3225 740 3282 rubino-

176 3306 259 3363 cadni
259 3327 274 3363 o
291 3306 396 3382 ἱστορίη
409 3309 603 3383 sipnifiuantnr
617 3305 661 3362 Ea
674 3325 740 3382 quae

177 3384 338 3444 Herodotus
358 3388 527 3444 sciscitando
546 3406 583 3442 ex
600 3387 671 3455 aliis,
692 3390 741 3462 qni

174 3465 227 3522 iiia
240 3468 370 3525 ciderunt
385 3477 411 3524 et
424 3477 561 3542 comperte
575 3467 739 3536 habuerunt,

175 3548 330 3620 cognovit;
352 3567 417 3624 ροσε
441 3549 648 3624 distinpnnntnr
666 3565 738 3621 par·

175 3627 223 3682 tim
244 3626 278 3683 ab
294 3629 347 3697 iis,
371 3629 446 3689 Q'uae
468 3629 528 3703 ipse
550 3626 631 3695 vidit,
650 3627 737 3702 (conf.

175 3705 206 3761 ii.
231 3711 280 3765 29.
307 3728 335 3764 α.
359 3727 411 3784 qno
435 3708 470 3764 de
492 3707 550 3763 ioco
566 3707 654 3783 ρααίσ
676 3716 740 3764 ante

176 3787 277 3842 dictum
296 3785 350 3862 ιιι)
367 3790 473 3863 purtim
492 3807 510 3843 α
532 3788 590 3843 Sua
606 3788 640 3842 de
658 3787 739 3844 rebus

176 3867 337 3941 quibusdam
344 3868 487 3943 Opinione
498 3878 528 3924 et
538 3868 554 3922 J
559 3868 660 3934 udicio,
666 3887 739 3942 pnr-

167 3949 222 4002 ·tim
236 3948 354 4024 deniqne
367 3967 385 4004 σ
401 3948 499 4006 Ριὶισα
511 3949 594 4017 sarna,
606 3949 665 4003 ciue
679 3948 739 4004 Re·

175 4044 240 4082 rum
267 4029 335 4084 olim
360 4037 506 4102 gesturum
530 4028 739 4086 narrationibus

175 4106 273 4180 quales
287 4109 363 4184 opud
378 4108 531 4184 AEgyptios
553 4105 738 4164 circumfere-

174 4185 288 4256 bantur,
325 4207 394 4264 μασι
429 4190 601 4261 Αἰγυπτίους
635 4184 739 4259 λόγους

174 4266 252 4323 dicit.
291 4265 440 4343 Ἡροδότου
465 4267 584 4344 ἱστορίης
612 4265 738 4333 ἀπόδεξις

174 4347 204 4400 in
218 4345 343 4423 Proefot.
359 4348 407 4405 lib.
423 4349 443 4405 i.
457 4360 497 4404 est
508 4349 616 4405 Earum
631 4365 736 4418 rerum,

172 4445 241 4503 quae
263 4429 429 4486 Herodotus
447 4429 493 4486 vel
513 4428 681 4485 sciscitando
702 4430 738 4485 ab

171 4507 237 4564 aliis
250 4508 295 4566 sel
316 4509 433 4585 proprio
453 4509 548 4566 studio
562 4516 592 4566 et
605 4510 737 4566 observa·

795 3245 874 3295 nere,
891 3225 926 3281 In
940 3229 1080 3300 potestate
1093 3215 1234 3278 habere*
1222 3239 1290 3294 ισχε
1303 3219 1359 3274 πᾶ-

796 3328 851 3362 σαν
873 3328 924 3374 την
945 3301 1053 3379 Σαμον·
1076 3303 1170 3378 ’ίσχων
1190 3297 1220 3356 δέ
1243 3293 1361 3375 (αὐτην)

795 3395 846 3444 etc.
862 3387 903 3443 iii
917 3390 965 3444 ³9.
981 3404 1008 3441 α.
1024 3403 1059 3440 m.

836 3464 868 3538 2)
891 3468 1010 3534 Tenere,
1037 3463 1184 3520 Sustinere
1205 3479 1282 3517 onus.
1308 3481 1360 3521 ror

794 3545 934 3614 νεοσσιάς,
960 3542 993 3603 ου’
1019 3539 1214 3620 inruperat*
1206 3562 1297 3642 ισχειγ
1324 3534 1360 3595 τιέ

793 3630 850 3684 τῶν
871 3623 1033 3722 ὑποζυγίων
1050 3622 1147 3700 μέλεα,
1168 3617 1359 3695 καταῤῥήγνυ-

795 3709 903 3770 σθαι,“
884 3708 924 3764 ni.
944 3711 1010 3762 111.
1020 3707 1049 3780 s.

835 3785 868 3861 3)
896 3787 1012 3852 Sistens,
1038 3783 1187 3848 Cohibere,
1211 3777 1358 3844 Retinere,

796 3867 941 3941 Impedire
955 3885 992 3921 ne
1007 3864 1070 3939 quis
1089 3856 1322 3956 progrediatur.''
1315 3879 1358 3912 ισ-

794 3933 1357 4042 χρνβουλομένουςὲςτότρρσωπαριέναι,

794 4027 835 4082 iii.
853 4027 900 4086 77.
907 4029 937 4100 s.
952 4047 984 4080 ου
978 4020 1110 4079 ’δυνατοὶ
1124 4015 1210 4086 αὐτὴν
1224 4013 1338 4092 (την
1302 4039 1358 4073 των

794 4103 1019 4204 Λακιδαιμονίριν
1029 4099 1171 4169 νεότητα)”
1164 4097 1314 4198 ισχρινείσι
1319 4119 1357 4195 μη

792 4182 987 4252 ουιέξιέναι,
978 4204 1018 4240 lx.
1038 4186 1082 4238 12.
1097 4201 1131 4238 m.
1148 4177 1217 4236 rard
1240 4199 1357 4246 στιινον,

793 4263 863 4322 ὥστε
872 4287 916 4321 και
908 4264 1038 4337 ὀλίγους
1050 4263 1135 4336 σφέας
1144 4257 1323 4334 ἀνθρώπους
1315 4279 1358 4314 ισ-

793 4368 866 4422 χι,ιν
876 4346 915 4401 ix.
934 4350 980 4402 13.
990 4347 1019 4420 f.
1033 4343 1138 4398 Eodem
1150 4343 1272 4414 pertinet
1286 4338 1359 4436 qnod

793 4429 822 4482 in
834 4426 897 4482 edd
908 4424 1047 4483 nonnuliis
1057 4423 1166 4498 lepitnr,
1178 4413 1342 4494 πολλαχῆ
1323 4439 1360 4472 αν

791 4507 878 4582 ισχον
884 4503 1201 4583 epemnror,Saep1usme
1211 4496 1356 4561 Continui,

1036 4601 1053 4638 ι
1075 4601 1093 4638 ι.
