3158 5038
499 251 525 304 K
535 249 593 302 AT

273 375 415 450 reperitur
439 375 523 432 tertio
543 382 618 432 certe
630 391 753 449 persono
769 371 837 448 plu·
889 371 992 432 Latino
1015 374 1123 450 quidem
1144 391 1266 432 sermone
1281 373 1385 430 rectius
1398 391 1457 447 per

274 453 345 511 rotis
359 453 508 512 Praetertti
527 455 659 529 perfecti,
674 472 769 529 nempe
787 474 836 510 κα·
889 452 1050 529 Perfectum
1057 452 1454 530 prceteritumuutperPrae-

275 531 410 604 τεστέασι,
433 533 493 592 Ion.
513 553 568 610 pro
591 536 748 604 καθεστῶσι,
765 533 839 610 quod
889 553 952 591 sens
964 534 1103 591 redditur.
1112 532 1216 603 Strato
1225 543 1272 611 σφι
1283 531 1367 608 νόμος
1377 555 1457 590 κατε-

275 618 366 690 ipsum
375 634 430 690 pro
444 611 626 683 καθεστήκασι
636 615 760 690 ponitur.
788 611 837 671 Sic
889 611 992 684 στήκεε,
1008 615 1082 673 Ηεεα
1095 615 1143 672 lex
1159 615 1214 672 iilis
1233 613 1455 682 constituisset,

277 691 357 770 νόμοι
373 703 444 752 τοῖσι
457 691 667 766 Βαβυλωνίοισι
681 692 754 752 οὗτοι
772 717 836 751 κατ·
890 695 956 752 Hoc
968 695 1132 752 institutum
1154 694 1231 770 apud
1254 693 1317 751 illos
1335 693 1456 762 obtinet,

276 771 397 844 εστέασι,
413 775 470 831 Hae
489 775 566 849 leges
589 775 752 832 constitutae
771 780 838 831 sunt
889 775 909 831 i.
927 776 993 837 197.
1005 794 1033 832 α.
1056 795 1130 832 non:
1152 775 1308 832 constituta
1321 781 1391 842 eret,
1406 783 1457 830 ont

276 855 459 930 Babyloniis,
484 855 645 929 Haecapud
663 855 726 912 illos
748 854 836 912 Insti·
889 855 1055 924 obtinebotr
1091 874 1154 912 oum
1187 855 1331 930 sequentia
1366 855 1457 909 omnia

275 942 339 992 tuta
352 936 490 1004 obtinent,
504 935 523 990 i.
545 939 614 992 200.
630 953 658 991 υ.
679 931 766 1011 ἄγραι
783 937 837 992 τῶν
889 935 984 1005 oudo,
993 935 1090 1011 quibus
1100 936 1131 992 td
1137 936 1289 992 institutum
1297 935 1456 1008 exponitur,

276 1012 452 1090 κροκοδείλων
471 1016 577 1072 πολλαί
594 1010 763 1084 κατεστέασι,
778 1014 835 1073 Ve·
890 1016 920 1072 in
934 1014 1081 1073 Praesente
1091 1023 1211 1090 ternpore
1220 1023 1374 1091 ponuntur.
1396 1011 1456 1070 Po·

275 1095 362 1151 nandi
375 1095 529 1152 crocodilos
541 1095 762 1172 plurainstituta
772 1101 840 1152 sunt
890 1097 962 1153 riter
974 1095 995 1153 i.
1013 1099 1079 1154 132.
1093 1115 1121 1152 α.
1136 1095 1184 1152 ubi
1196 1113 1254 1165 nos,
1266 1094 1373 1151 codices
1386 1113 1456 1150 non·

275 1193 389 1250 genera,
400 1175 482 1251 plura
493 1195 597 1252 genera
610 1183 685 1246 sunt,
701 1175 731 1232 ii.
746 1175 795 1237 70.
811 1194 839 1232 α.
891 1176 982 1234 nultos
995 1178 1091 1244 secuti,
1105 1171 1250 1244 κατέστηκε
1264 1175 1410 1242 edidimus,
1421 1193 1456 1231 ee

273 1253 299 1310 oi
312 1251 366 1332 μέν
389 1254 540 1332 ὀφθαλμῶν
563 1255 648 1332 ἰητροί
670 1252 838 1324 κατεστέασι,
891 1256 957 1314 aliis
970 1255 1033 1312 'otim
1043 1251 1201 1324 κατεστήκεε
1212 1255 1313 1312 editum
1324 1263 1395 1324 erut,
1407 1273 1456 1312 neo

273 1333 300 1391 oi
325 1331 354 1391 δέ
378 1339 498 1413 κεφαλῆς
519 1345 570 1394 etc.
613 1335 670 1392 Alii
693 1335 840 1392 oculorum
891 1338 932 1394 tto
955 1336 1026 1394 note
1043 1339 1178 1411 fortusse,
1195 1335 1258 1394 coli.
1286 1333 1353 1391 Van.
1375 1333 1454 1392 Lect.

273 1416 421 1473 constituti
444 1422 512 1473 sunt
530 1415 641 1483 medici,
663 1415 711 1472 ulii
730 1415 838 1491 cepitis,
891 1417 930 1472 ad
946 1416 1033 1473 tecum
1055 1435 1143 1492 ιυρτο
1162 1417 1283 1483 citatum,
1302 1415 1332 1472 ii.
1356 1419 1406 1472 29.
1425 1417 1455 1490 s.

276 1497 335 1551 sive
362 1495 483 1564 brevius,
512 1495 572 1552 Alii
598 1502 666 1552 sunt
692 1495 839 1552 oculorum
895 1494 992 1553 Tertio
1002 1496 1080 1572 ρίυτ.
1091 1495 1188 1572 Ptusq.
1199 1492 1381 1564 κατέστασαν,
1393 1493 1455 1552 Ion.

272 1574 389 1644 medici,
412 1584 462 1632 etc.
474 1575 505 1632 ii.
521 1579 570 1634 84.
578 1578 607 1650 f.
623 1573 655 1631 έν
668 1573 775 1651 δείματι
788 1597 837 1651 με·
886 1595 943 1650 pro
956 1573 1167 1646 κατεστήκεσαν,
1190 1575 1346 1634 Constituti
1364 1583 1454 1632 crant.

276 1650 357 1730 γόλιρ
378 1657 564 1724 κατεστεῶτες,
589 1652 664 1730 (Ιου.
682 1674 737 1730 pro
756 1656 837 1712 καθε-
890 1653 1067 1714 κατέστασαν
1092 1653 1133 1714 ἔτι
1160 1653 1291 1732 πρότερον
1324 1652 1455 1732 ὕπαρχοι,

275 1738 375 1798 στῶτες
399 1744 426 1791 et
449 1731 654 1811 καθεστηκότες)
676 1735 784 1811 Magno
807 1736 838 1792 in
891 1737 939 1794 vii.
965 1741 1031 1796 106.
1046 1756 1081 1794 m.
1095 1734 1127 1794 έν
1141 1733 1249 1814 δείματι
1261 1731 1378 1812 μεγαλῳ
1392 1757 1457 1792 κατ-

275 1814 378 1872 timore
392 1815 547 1884 constituti,
563 1815 671 1892 Magno
690 1816 722 1872 in
736 1815 838 1872 timore
889 1813 1024 1886 έστασαν,
1039 1817 1087 1875 vii.
1106 1820 1172 1875 138.
1189 1817 1214 1873 b.

273 1901 428 1964 versantes,
455 1895 514 1953 viii.
539 1899 589 1953 36.
614 1892 664 1954 τόν
689 1897 742 1953 νῦν
759 1918 836 1952 κατε·
931 1893 964 1970 5)
978 1897 1134 1966 Persicum,
1154 1895 1299 1966 Proesens,
1317 1893 1348 1959 ἐς
1369 1892 1456 1952 rosires*

274 1979 378 2032 στεῶτα
392 1972 495 2053 κόσμον
504 1973 840 2055 Σπαρτιήτησι,οτθὶιιειω
894 1981 1062 2047 κατίσταται,
1091 1977 1128 2034 In
1155 1977 1234 2034 idem
1268 1973 1361 2052 (quod
1391 1983 1456 2034 ante

272 2073 370 2112 rerum
383 2056 434 2130 qui
446 2075 523 2114 nunc
534 2058 610 2132 apud
626 2059 778 2132 Spartanos
787 2057 838 2113 ob·
891 2055 998 2133 fuerat)
1021 2057 1221 2124 constituitur,
1245 2057 1281 2113 In
1304 2055 1456 2132 pristinum

272 2135 375 2204 tincti.
384 2139 433 2194 65.
443 2157 477 2192 ιιι.
481 2135 591 2211 ,θῶκοι
599 2137 754 2194 Trecentos
764 2137 840 2194 viros
891 2138 1021 2196 habitum
1056 2137 1241 2206 Restituitur,
1265 2137 1304 2194 iv.
1336 2139 1404 2192 105.
1427 2138 1454 2211 s.

252 2260 255 2265 .
273 2212 337 2279 ταῶς
347 2217 727 2292 nurerrecirorselegisesibi
736 2235 838 2273 narra·
891 2216 948 2275 ἐιτεί
971 2216 1040 2295 ύμῖν
1061 2215 1076 2275 ὁ
1099 2213 1185 2290 λόγος
1207 2213 1277 2273 οὕτω
1299 2213 1457 2292 προσάντης

273 2303 320 2351 tur
333 2295 485 2365 Leonidas,
499 2305 562 2354 sont
577 2297 660 2354 Cives
673 2297 781 2354 treceni
801 2316 838 2354 ex
892 2301 1063 2367 κατίσταται,
1085 2297 1230 2359 Quoniam
1247 2297 1310 2354 haec
1332 2296 1456 2354 conditio

1112 245 1207 302 nnn
1277 324 1280 326 ,

272 2373 558 2434 Lacedaemoniorum
570 2377 634 2452 lege
648 2377 685 2434 ad
696 2377 751 2433 hoc
762 2378 835 2434 Con·
891 2379 931 2436 ita
945 2380 1033 2436 ardua
1051 2379 1108 2446 Fit,
1128 2375 1206 2452 (Est,
1227 2373 1355 2450 Accidit)
1368 2377 1455 2446 vobis,
1564 2451 1565 2454 Ἴ

274 2454 367 2512 stituti
380 2462 414 2512 ut
427 2475 525 2532 regem
538 2457 569 2512 in
582 2456 691 2512 bellum
709 2457 837 2531 proficis·
891 2460 941 2516 vii.
960 2462 1026 2516 160.
1038 2479 1073 2515 ιιι.
1083 2455 1215 2534 sirasirci
1227 2453 1313 2533 μέτρα
1327 2459 1456 2514 κατίστα-

273 2541 394 2603 centem,
406 2541 552 2610 tamquam
562 2538 686 2612 corporis
696 2537 837 2605 custodes,
891 2561 946 2608 ται,
961 2539 1072 2596 Eadem
1087 2539 1159 2594 ratio
1170 2538 1234 2605 Est,
1244 2537 1316 2594 Esse
1327 2537 1408 2606 solet,
1418 2537 1455 2594 iv.

273 2613 454 2684 comitentur,
469 2615 648 2673 Constitutus
662 2616 709 2672 ille
724 2624 753 2673 et
765 2617 837 2692 legi·
894 2624 961 2677 198.
966 2621 996 2693 f.
1012 2617 1105 2676 Prcet.
1121 2617 1239 2693 Impers.
1254 2613 1382 2694 έςφόβαν
1391 2639 1454 2675 κατ-

273 2693 360 2750 timus
369 2695 497 2752 virorum
508 2713 652 2765 numerus,
663 2697 712 2754 vii.
723 2701 791 2754 205.
802 2717 836 2752 ιιι.

247 2813 249 2818 ,
273 2770 308 2829 roi
314 2778 491 2844 κατεστεῶτα,
502 2776 523 2833 i.
533 2780 582 2833 59.
593 2785 665 2833 extr.
672 2785 736 2834 sunt
744 2777 837 2852 Leges

273 2861 303 2910 et
316 2854 453 2922 Instituta
467 2857 576 2930 quaein
590 2857 703 2914 civitate
717 2856 821 2913 valent.

312 2931 346 3008 4)
367 2933 594 3012 Plusquompers.
607 2935 706 3013 φρουρὴ
721 2935 753 2994 έν
764 2935 837 3013 αι’τῶ

272 3011 323 3091 (τῷ
340 3015 441 3092 τείχεϊ)
457 3015 617 3086 κατεστήκεε
637 3014 690 3074 ὑπὸ
709 3019 835 3092 Δαρείου,

273 3096 446 3153 Presidium
464 3098 495 3153 in
509 3097 623 3154 castello
643 3098 836 3154 Constitutum

273 3173 469 3250 (impositum,
484 3173 640 3250 Locatum)
654 3185 715 3234 erat
739 3197 757 3234 a
769 3177 835 3247 ‚Da-

272 3256 325 3322 ri0,
340 3256 390 3312 vii.
412 3259 461 3312 59.
483 3275 510 3312 a.
529 3263 601 3312 τοῖσι
628 3254 681 3332 μέν
703 3253 736 3328 δή
758 3279 835 3314 κατε·

272 3331 365 3402 στήκεε
379 3337 530 3410 πολιορκίη,
548 3337 655 3392 Contra
677 3337 727 3393 hos
749 3337 837 3410 igitur

275 3414 413 3470 Instituta
437 3423 498 3470 erat
524 3415 644 3484 obsidio,
673 3416 715 3472 Hi
748 3417 837 3490 igitur

272 3493 482 3560 obsidebantur,
498 3494 518 3550 i.
548 3499 595 3552 31.
620 3515 647 3553 α.
692 3493 741 3552 Sic
759 3517 836 3552 κατε·

272 3569 366 3642 στήκεέ
378 3582 425 3648 σφι
435 3577 602 3650 τειχομαχίη
612 3573 836 3652 ε’ῥρωμενεστέρη,

272 3654 313 3712 ix.
330 3655 378 3715 70.
404 3673 431 3709 α.
457 3651 489 3718 to
506 3653 533 3710 ot
548 3657 613 3731 πρὶν
631 3653 649 3724 ἢ
664 3652 837 3727 βασιλεῦσαι

272 3731 733 3805 α’ντιστασιιότηςκατεπήκεε,Ωαί,
744 3738 836 3812 prius·

271 3833 357 3890 quam
380 3814 427 3871 ille
450 3835 572 3890 regnum
589 3817 721 3892 suscepit,
736 3817 836 3875 adver·

271 3895 362 3952 sarius
388 3895 449 3972 ejus
478 3897 593 3963 Fuerat,
620 3897 641 3954 i.
670 3901 719 3954 92.
748 3917 782 3954 m.
804 3900 834 3972 s.

273 3973 410 4030 Similiter
437 3973 595 4045 corsartince
620 3975 650 4034 ἐκ
677 3978 725 4046 τής
749 3976 835 4046 ἰθείης

272 4051 515 4129 Λακεδαιμονίοισι
528 4054 669 4132 πολέμιος,
689 4058 728 4114 ix.
744 4058 791 4119 37.
802 4061 832 4132 f.

270 4129 348 4198 ἐ’νθα,
364 4137 450 4191 Νίνου
461 4133 618 4194 ἀναστάτου
629 4135 789 4214 γενομένου,
799 4134 833 4194 roi

270 4209 410 4285 βασιλήια
424 4214 592 4286 κατεστήκεε,
602 4219 678 4278 Quae
691 4226 756 4294 post
764 4219 834 4275 Nini

271 4292 446 4350 eversionem
472 4295 552 4370 regia
570 4297 651 4354 sedes
674 4299 835 4356 Constituto

244 4399 246 4404 ·
272 4370 449 4449 (Translata)
476 4383 545 4444 eret,
573 4377 592 4432 i.
621 4377 689 4438 178.
718 4397 746 4436 α.
777 4377 836 4436 Sed

270 4453 339 4511 oliti
367 4456 437 4512 idem
461 4454 775 4532 Plusquomperfeotnm,
805 4461 834 4516 ιἰι

891 2695 1007 2768 corioro,
1017 2697 1083 2774 (pro
1091 2694 1271 2772 καθίσταντο)
1280 2697 1456 2754 intimarem

892 2780 1131 2856 Conjiciebantur,
1149 2779 1208 2836 viii.
1234 2783 1281 2836 12.
1304 2797 1340 2834 m.
1364 2776 1455 2834 Proet.

881 2851 972 2935 Pers.
988 2856 1067 2936 νόμοι
1080 2855 1189 2916 αὐτοῖσι
1202 2855 1254 2914 ride
1268 2855 1455 2927 κατεστέαται,

890 2936 965 3015 (Ion.
990 2959 1046 3014 pro
1061 2935 1258 3014 redieramus)
1282 2939 1376 3014 Leges
1402 2938 1456 2995 iliis

868 3021 930 3076 -sic
955 3020 1126 3078 constitutae
1150 3027 1235 3088 sunt;
1259 3019 1316 3075 His
1339 3019 1381 3074 illi
1405 3019 1454 3075 In·

890 3100 996 3157 stitutio
1017 3108 1148 3168 utuntur,
1165 3101 1184 3157 i.
1203 3103 1270 3157 196.
1286 3119 1313 3155 α.
1337 3098 1385 3156 nbi
1406 3118 1455 3156 nec
1564 3111 1565 3116 ’

889 3180 959 3236 mete
979 3177 1140 3237 κατεστέασι
1149 3182 1275 3255 prcesert
1288 3187 1381 3236 noster
1394 3179 1453 3236 cod.

890 3258 924 3316 F.
940 3261 1035 3316 ecdem
1048 3261 1165 3317 notione.

931 3337 964 3414 6)
976 3338 1016 3396 M
1014 3341 1113 3405 edium,
1126 3337 1203 3395 edroi
1211 3341 1312 3414 πρῶτοι
1320 3336 1454 3413 τύραννον

891 3417 1129 3496 καταστησάμενοι
1150 3417 1227 3494 παρῶ
1242 3421 1320 3494 σφίσι
1338 3417 1454 3487 αὐτοῖσι,

890 3498 964 3574 (Ion.
983 3519 1036 3575 pro
1054 3496 1214 3575 ταριίῶμῐν
1235 3495 1357 3572 αὐτοῖσι)
1371 3499 1453 3556 Post-

891 3599 978 3655 quam
997 3599 1048 3636 vos
1065 3581 1191 3654 primum
1211 3578 1287 3654 apud
1307 3597 1357 3635 vos
1380 3579 1455 3654 ipsos

892 3660 1103 3716 Constitueritis
1130 3659 1210 3716 vobis
1240 3665 1405 3733 tyrannum,
1426 3678 1453 3716 v.

891 3743 939 3805 92,
968 3744 994 3796 1.
1019 3759 1054 3796 ια.
1073 3738 1104 3804 ὃς
1122 3736 1174 3808 τήν
1190 3734 1257 3807 ζόην
1270 3735 1455 3807 κατεστήσατο

891 3816 939 3876 a'rr’
960 3817 1050 3896 έργων
1070 3816 1273 3898 ἀνοσιωτάτων,
1287 3819 1347 3880 Qui
1368 3819 1455 3876 vitam
1564 3821 1565 3860 ί

889 3919 970 3956 suam
998 3900 1129 3957 Instituit
1156 3902 1189 3970 (i.
1213 3919 1238 3956 e.
1267 3901 1375 3956 victum
1402 3899 1455 3956 sibi

888 3981 1043 4056 quaesivit3
1079 3981 1167 4038 vitam
1201 3975 1391 4054 sustentabat)
1418 3999 1456 4036 ex
1564 4023 1565 4026 ι

888 4079 973 4134 opere
980 4060 1165 4135 iniquissimo,
1175 4060 1233 4118 viii.
1246 4063 1313 4117 105.
1326 4079 1354 4116 α.
1365 4056 1453 4134 (cons.

888 4136 967 4214 Ζόη.)
993 4134 1054 4197 οἷον
1081 4137 1182 4216 τρόπον
1212 4136 1454 4214 καταστησόμενοι

887 4218 969 4296 (Quo
981 4227 1064 4296 pacto
1079 4223 1146 4278 Sese
1160 4228 1189 4278 et
1202 4239 1247 4277 res
1261 4239 1326 4278 suas
1337 4220 1453 4278 Consti-

889 4307 1019 4370 tuentes3
1044 4303 1207 4362 Quamnam
1220 4301 1360 4357 rationem
1375 4301 1453 4356 Con-

888 4381 1040 4454 stituendae
1054 4401 1114 4438 suae
1127 4381 1293 4456 reipublicae
1307 4377 1454 4458 ineuntes)

889 4457 1026 4520 κάλλιστα
1040 4457 1076 4518 όν
1090 4459 1211 4533 οἰκέοιεν,
1221 4462 1264 4518 iv.
1283 4464 1349 4518 161.
1366 4481 1393 4518 α.
