3030 5026
377 239 467 294 ΑΓΕ
986 239 1081 294 ΑΓΗ

149 363 317 422 Plaustrum
331 382 389 440 quo
407 364 564 422 vehebatur
582 363 712 433 adicula
764 367 841 426 οιοιίο
854 363 923 426 scca
936 369 1088 444 scriptura,
1103 369 1207 426 soros
1217 364 1245 426 δὲ
1256 367 1326 444 dyo·

147 445 180 502 ii.
196 449 245 502 63.
264 445 347 518 Coos.
363 465 437 502 nom.
453 449 483 502 4.
764 449 849 524 με’νου
862 456 910 515 τῆς
919 456 972 523 γῆς
985 449 1086 519 ταθτῃς
1099 451 1116 518 ἡ
1130 449 1325 518 Σενθικὴέκδέ-

190 523 223 598 3)
245 525 351 600 Agere,
374 526 516 584 celebrare
539 523 597 582 dics
611 527 711 599 sectos,
765 549 848 594 κεται,
863 529 922 586 Ubi
941 529 1020 586 sinus
1039 529 1153 587 ducitur
1171 531 1256 606 hujus
1279 551 1325 588 re·

146 614 178 661 ut
195 603 373 680 Ἀπατούρια,
395 606 486 680 ὁρτὴν,
501 613 552 662 etc.
568 606 588 661 i.
604 606 670 666 147.
680 607 709 680 s.
764 608 866 682 gionis,
881 606 915 684 (i.
927 627 951 665 e.
967 610 1017 665 ubi
1037 609 1067 666 in
1087 610 1181 666 sinum
1203 611 1325 666 circum·

149 689 217 742 148.
233 705 268 742 ιιι.
290 687 348 746 viii.
375 690 423 742 26.
444 705 472 742 c.
491 705 526 741 οι.
553 683 640 741 ἐπεάν
661 688 712 752 τὴν
764 688 879 744 ducitur
904 689 966 744 haec
985 685 1090 763 regio.)
1112 689 1153 745 ibi
1175 689 1325 747 Thraciam

145 764 229 839 ὁρτὴν
252 762 345 838 ἄγωσι
365 767 402 842 τῷ
421 767 473 842 θεῷ
491 764 582 842 roris-o,
600 766 620 821 i.
642 770 709 822 183.
763 769 870 843 excipit
884 768 1009 844 Scythia,
1020 769 1058 824 iv.
1069 771 1118 826 99.
1131 767 1247 831 cthod
1260 787 1325 826 vero

111 877 115 884 -
148 844 214 906 Quo
228 849 336 902 notione
344 848 523 922 frequentias
537 848 711 919 compositam
762 847 801 904 iv.
828 852 892 904 158.
916 850 1024 904 notione
1047 849 1214 917 Habitandi,
1240 849 1325 906 Inco-

144 923 707 1000 οενίιιιοιἈνάγεινιιιιιτραίΗινοιίοίυε.
761 927 1325 1003 Ιευᾰὶ,οοοι”ρίιυιίυοιΙίοοοετδυυιοίειιυι

39 1059 42 1062 .
145 1003 230 1080 Conf.
262 1005 328 1063 Ver.
354 1006 433 1063 Lect.
454 1007 495 1062 iii.
517 1007 565 1067 79.
587 1007 709 1082 ἡσυχίην
754 1009 849 1081 suerit
866 1006 981 1064 AEmr'lr'o
1004 1007 1097 1074 Porto,
1117 1009 1149 1064 ιἰί
1170 1010 1324 1084 scripturae

142 1079 239 1157 ἄγειν,
255 1087 317 1142 vide
331 1089 360 1142 in
373 1083 504 1162 Ἡσυχίη.
754 1089 821 1144 vitio
831 1089 942 1155 occidit,
952 1107 1033 1164 quum
1039 1107 1095 1162 pro
1105 1091 1143 1152 ὡς
1151 1089 1180 1153 ἔς
1188 1086 1325 1164 α’μείνονα

182 1163 217 1238 4)
231 1163 334 1238 ’Ἀγειν
348 1168 392 1223 καὶ
406 1167 505 1243 φέρειν,
522 1167 541 1222 ι’.
551 1185 577 1240 q.
591 1163 707 1240 διαρπᾶ-
760 1175 852 1243 χῶρον
865 1166 970 1236 ἄξουσι,
990 1168 1055 1224 olim
1075 1170 1174 1225 ουιίεεα
1195 1167 1224 1232 ἒς
1235 1187 1324 1268 μνω-

140 1245 212 1314 ζειν,
228 1246 371 1322 Diripere,
384 1247 536 1322 Populari;
558 1246 658 1322 φέρειν,
670 1246 708 1302 cd
754 1250 894 1323 positione
907 1252 945 1312 ὡς
958 1247 1095 1324 α’μείνονα
1116 1257 1209 1325 χῶρον
1227 1249 1324 1315 αξουσι

139 1344 175 1382 eu
197 1335 306 1402 spectat
324 1346 391 1402 quae
408 1327 540 1383 manibus
558 1333 706 1400 asportan·
760 1327 907 1404 leuaretur.

142 1412 210 1471 turr
236 1403 322 1480 ιῖγειν
343 1425 408 1463 cero
427 1425 508 1482 quum
528 1406 567 1462 ad
585 1425 619 1462 ea
641 1425 707 1482 qaoe
792 1405 825 1482 8)
839 1407 1324 1484 thcmusrcriorerqoordamoerbs‘

142 1487 283 1543 Curribus
297 1487 468 1554 arcebuntur,
483 1495 538 1542 tam
551 1486 592 1542 cd
600 1504 706 1560 pecora
751 1482 855 1561 Ἀγειν
867 1491 977 1564 surmus
995 1486 1139 1545 Herodoto
1161 1497 1321 1563 usurpatos.

138 1585 207 1641 qoae
228 1567 405 1642 Abiguutur.
433 1566 501 1623 Cum
521 1565 626 1623 Accua.
651 1569 704 1635 rei,
758 1564 812 1640 ἅγε
822 1588 877 1644 pro
886 1565 947 1642 ἦγε,
957 1569 976 1625 1.
992 1573 1059 1626 103.
1069 1587 1096 1625 v.
1110 1573 1159 1627 48.
1170 1565 1255 1641 ἄγον,
1266 1588 1323 1644 ρτο

139 1649 254 1722 φέρουσί
272 1670 301 1704 τε
321 1649 364 1703 καὶ
383 1644 487 1720 ἄγουσι
504 1645 540 1702 σθ
555 1644 602 1714 σθ,
617 1645 636 1702 ἱ.
654 1651 702 1704 88.
756 1643 837 1720 ἦγον,
852 1650 871 1706 i.
884 1650 932 1710 70.
945 1657 974 1706 et
987 1652 1054 1706 169.
1068 1647 1193 1726 Είραεε.
1206 1645 1321 1722 ἄγοντα,

141 1726 211 1782 Cam
224 1727 296 1784 Acc.
305 1745 456 1802 perrocae:
472 1723 546 1799 ἄγον
557 1728 601 1782 καὶ
609 1722 705 1803 ἔφερον
752 1745 809 1802 ρνο
832 1729 946 1802 ἤγοντο,
969 1729 1011 1786 iii.
1031 1733 1076 1786 14.
1099 1749 1127 1786 α.
1146 1749 1180 1786 οι.
1203 1728 1320 1804 Impers.

136 1804 201 1870 roric
209 1811 360 1882 aspicimur
369 1807 534 1871 ἄπαντας,ἰ.
548 1811 615 1865 166.
628 1807 704 1884 ἔφερε
749 1809 989 1884 <frequentativum
1008 1805 1139 1881 ἄγεσκον,
1159 1810 1179 1865 i.
1199 1811 1266 1865 149.
1285 1828 1319 1866 m.

136 1888 183 1942 καὶ
194 1883 248 1960 ἦγε
257 1887 376 1956 πάντας,
388 1889 429 1944 iii.
443 1891 492 1944 39.
506 1884 555 1943 ’ίνα
564 1889 603 1963 μὴ
613 1888 704 1956 α’λλίῃ-
760 1891 826 1946 196.
834 1909 862 1946 α.
873 1887 965 1945 Proet.
975 1907 1051 1962 poro.
1062 1883 1140 1955 ἦκται
1149 1889 1165 1955 vi
1174 1885 1277 1961 διώρυξ,
1289 1888 1319 1944 ii.

137 1968 206 2032 λους
227 1969 333 2044 φέροιέν
354 1990 384 2024 τε
406 1968 450 2024 καί
469 1963 578 2039 ἅγοιεν,
599 1969 636 2026 vi.
652 1972 702 2026 42.
760 1971 816 2024 158
837 1988 864 2026 c.
876 1977 903 2024 et
912 1988 947 2024 m.
960 1967 1032 2024 Aoo.
1045 1972 1072 2024 1.
1083 1985 1160 2042 pass.
1172 1963 1257 2042 ἄχθη,
1266 1985 1321 2040 pro

136 2043 235 2124 ἔφερόν
249 2070 278 2104 τε
292 2047 336 2103 καὶ
349 2043 421 2120 ἦγον
435 2047 486 2113 τήν
500 2069 529 2102 τε
544 2046 705 2122 Μαρδονίου
758 2048 840 2122 ἢχθη,
851 2048 891 2104 iii.
905 2051 973 2104 145.
986 2067 1013 2104 v.
1027 2051 1074 2104 13.
1089 2047 1125 2102 vi.
1140 2050 1188 2102 30.
1204 2045 1277 2102 Aor.
1293 2051 1320 2104 l.

137 2130 270 2202 στρατιὴν
292 2129 336 2184 καὶ
354 2124 416 2192 τούς
432 2125 490 2204 μετ’
509 2129 592 2184 αὑτοῦ
607 2129 705 2193 ἐόντας
757 2127 827 2184 med.
837 2125 967 2194 ἅξασθαι,
982 2127 1056 2184 ande
1069 2124 1213 2192 ἐσάξαντο,
1229 2144 1255 2182 V.
1270 2129 1319 2184 34.

132 2209 291 2276 Ἕλληνας,
306 2209 347 2264 ix.
363 2213 412 2265 31.
420 2211 450 2280 s.
758 2215 785 2262 et
797 2207 994 2282 προεσάξαντο,
1005 2207 1064 2264 viii.
1077 2211 1125 2264 20.
1144 2205 1226 2281 Coos.
1238 2203 1322 2278 Ἀγέ-

187 2284 333 2362 5)”Αγειν
342 2297 368 2344 εί
377 2286 528 2361 Ἀγεοθαι,
538 2289 558 2344 ι’.
569 2307 596 2364 q.
609 2289 707 2361 ἦγεῖσ-
758 2287 839 2343 εσθαι
853 2299 880 2344 et
891 2285 1043 2360 Ἀγινόειν.

145 2369 203 2431 θαι,
218 2369 354 2444 νομίζειν,
368 2365 455 2445 ἔχειν.
487 2363 632 2444 Οίιδαμούς
641 2370 708 2444 με’ζ-
739 2363 886 2442 Ἀγείρειν,
902 2367 1054 2443 Colligere,
1069 2367 1197 2442 Cogere:
1212 2365 1321 2442 υίρίίία-

144 2447 303 2524 ονοιςυμῶν
316 2445 381 2514 ἄξω,
397 2449 498 2514 Nullos
510 2449 621 2524 potiore
635 2449 707 2518 loco,
761 2449 817 2515 tim,
833 2448 983 2516 Pecuniae,
998 2466 1126 2515 munera,
1141 2447 1244 2522 stipem
1263 2446 1320 2502 col-

98 2549 101 2559 *
145 2546 233 2601 quam
246 2527 708 2598 vos,habeb0,vii.150.iroirde·
759 2526 860 2602 ligere.
902 2528 1014 2603 ἤγειρον
1028 2525 1145 2590 δωτίνας
1158 2525 1188 2582 ὲκ
1201 2533 1256 2582 τῶν
1269 2548 1321 2582 πο·

144 2611 196 2688 μιῇ
203 2610 283 2685 μοίρῃ
291 2609 404 2688 μεγάλῃ
414 2611 500 2666 αὑτὸν
510 2605 627 2682 ἧγον,ἱὶ.
639 2610 706 2670 172.
760 2608 840 2675 λίων,
854 2607 874 2664 i.
886 2611 935 2665 61.
946 2627 980 2664 m.
990 2610 1025 2664 τὰ
1038 2607 1169 2683 χρήματα
1183 2607 1286 2680 ἤγειρε.
1299 2607 1319 2664 i.

143 2690 207 2762 περὶ
220 2691 352 2745 πλείστου
365 2685 437 2762 ἦγον
450 2688 485 2746 πθ
499 2695 546 2746 τοῦ
560 2690 623 2744 θεοῦ
641 2711 708 2764 πορ-
761 2689 809 2743 62.
825 2707 859 2744 m.
869 2689 898 2763 s.
914 2696 942 2744 et
954 2688 1027 2744 cade
1040 2685 1187 2762 Ἀγείρειν,
1209 2686 1321 2760 Stipem

144 2767 250 2832 σιἰνειν,
266 2769 307 2826 ix.
324 2769 352 2830 7.
368 2771 525 2826 α.Ἤιιιστα
544 2765 606 2832 τούς
626 2766 708 2825 irac—
759 2785 919 2843 corrogare,
930 2768 967 2824 iv.
980 2772 1028 2824 35.
1044 2770 1113 2842 aas.
1129 2767 1232 2842 absque
1245 2767 1320 2840 ταρί-

143 2847 218 2904 τάτω
231 2849 390 2925 οἰκημένους
404 2849 435 2905 ἐν
453 2853 518 2930 τιμῇ
535 2846 664 2921 ἄγονται,
686 2850 706 2906 i.
760 2849 831 2904 minc
853 2857 879 2904 et
899 2865 959 2904 com
981 2847 1039 2903 dot.
1054 2865 1188 2922 peraoaae
1210 2847 1257 2902 cati
1276 2844 1322 2901 vel

148 2931 216 2986 184.
232 2928 284 3001 ὅγε
307 2926 432 3006 μάλιστα
451 2929 482 2986 ἐν
503 2932 567 3009 τιμῇ
587 2925 707 3002 ἄγονται
759 2925 1319 3002 ουρυειιονιιίυεείὶρεεοοίίίρίίιιν,ἱ1υἰθ.υι.

110 3045 114 3052 ,
142 3009 259 3064 πάντων
273 3017 328 3066 τῶν
341 3009 494 3086 μαντηίων,
508 3010 539 3066 ii.
553 3013 601 3066 83.
739 3003 884 3078 Ἀγεννὴς,
895 3007 1044 3081 Ignobilis.
1064 3006 1193 3079 Compar.
1202 3003 1321 3076 α’γεννέ-

180 3085 213 3161 6)
221 3086 363 3161 ’Άγεσθαι
369 3113 394 3146 τι
405 3088 433 3154 ἒς
439 3096 545 3166 χεῖρας,
560 3089 596 3146 In
607 3101 708 3145 manus
760 3107 862 3160 στερος,
877 3087 897 3142 i.
917 3089 983 3142 134.
999 3105 1027 3142 α.

142 3187 257 3226 sumere
279 3170 397 3245 aliquid,
420 3170 583 3245 Οαροιεετε,
609 3169 707 3226 Susci-
732 3160 879 3240 Ἀγερσις,
915 3187 964 3231 ιος,
997 3167 1024 3234 ἡ,
1059 3162 1206 3230 collectio,
1242 3163 1321 3220 Cou-

140 3267 221 3324 pera,
235 3249 376 3324 Adgredi.
392 3254 429 3314 ὡς
443 3247 544 3326 ἔμελλε
562 3249 590 3314 ἐς
610 3255 708 3325 χεῖρας
758 3246 860 3302 tractio
873 3243 1038 3323 (copiarum,
1053 3238 1194 3319 οτρατοῦ,)
1206 3243 1255 3300 vii.
1268 3247 1319 3301 48.

141 3325 259 3394 ἄξεσθαι
271 3329 303 3386 τὸ
317 3330 480 3406 στράτευμα,
501 3331 600 3390 Quum
618 3332 648 3386 in
672 3349 707 3386 eo
738 3335 786 3384 ἐί
808 3326 855 3383 vii.
874 3331 903 3383 5.
921 3345 949 3382 a.
968 3325 1016 3382 ubi
1040 3324 1104 3380 olim
1125 3322 1243 3380 ἐποιέετο
1271 3325 1321 3392 τὴν

140 3417 219 3467 esset
236 3417 271 3466 ut
287 3412 446 3468 exercitum
466 3411 497 3466 in
514 3427 616 3467 manus
632 3409 705 3468 acci-
759 3414 887 3480 στρατιῆς
900 3403 1022 3482 ἔγερσιν,
1033 3423 1088 3479 pro
1102 3400 1230 3478 ἄγερσιν.

140 3497 234 3565 ρειαί,
245 3492 266 3548 ι’.
275 3510 299 3548 e.
309 3499 343 3548 ut
353 3491 489 3548 ducatum
499 3491 641 3568 exercitus
645 3490 705 3565 jam
730 3481 819 3558 Ἀγη,
838 3509 880 3554 ης,
898 3488 925 3556 ἡ,
947 3486 1068 3554 Invidia,
1091 3485 1208 3540 Odium.
1227 3483 1320 3560 φθόνῳ

140 3570 203 3644 ipse
218 3572 383 3646 susciperet,
395 3571 444 3628 vii.
457 3573 485 3627 8.
495 3590 523 3626 α.
535 3571 670 3646 μέλλοντί
679 3566 706 3624 oi
757 3569 802 3622 καί
825 3563 894 3645 ἄγῃΙ
906 3565 1072 3644 χρεώμενος,
1094 3564 1133 3622 vi.
1157 3566 1206 3619 61.
1230 3582 1258 3620 α.
1273 3563 1321 3626 obi

140 3648 170 3713 ἐς
180 3657 279 3726 χεῖρας
289 3647 466 3725 ἅγεσθαιτὴν
474 3651 595 3718 τελετὴν,
606 3651 705 3710 Quum
756 3645 820 3702 otim
833 3644 895 3725 ἄτῃ.
1170 3665 1173 3672 ’

140 3730 173 3786 in
197 3749 232 3786 eo
253 3741 328 3788 esset
349 3739 383 3788 ut
402 3731 594 3787 initiationem
615 3729 705 3786 susci·
736 3723 929 3798 Ἀγηλατέειν,
944 3729 964 3783 ι’.
975 3745 1002 3801 q.
1019 3723 1124 3781 διώκειν
1138 3719 1215 3796 (ταί.
1229 3719 1258 3777 εἰι
1271 3729 1320 3787 τῆς

139 3817 232 3884 peret,
248 3818 281 3868 ut
293 3812 363 3886 ipsis
377 3811 462 3868 sacris
473 3811 592 3887 jamjam
607 3809 704 3866 initia·
757 3804 879 3881 πόλιος),
893 3804 1068 3884 φυγαδεύειν,
1083 3801 1231 3875 Persequi,
1249 3800 1320 3857 civi·

139 3898 231 3958 retur,
245 3891 283 3948 iv·
297 3893 346 3952 79.
370 3887 454 3955 αιίτδς
467 3889 548 3947 δοκέω
562 3892 621 3966 θείῃ
634 3887 705 3967 τίχῃ
757 3894 817 3944 tate
843 3889 956 3964 ejicere,
985 3886 1021 3941 In
1047 3882 1167 3940 exili-um
1193 3881 1318 3938 mittere.

139 3972 269 4042 γεγονὼς
282 3971 346 4028 τάδε
360 3972 388 4036 ἐς
401 3978 498 4048 χεῖρας
511 3967 642 4042 ἄγεσθαι,
652 3969 705 4026 Vi·
762 3965 789 4022 V
785 3968 830 4024 ιἰίε
844 3967 958 4024 Glorrae
968 3963 1078 4022 Herod.
1092 3972 1111 4020 t.
1122 3963 1159 4019 vi.
1169 3981 1201 4036 μ.
1214 3961 1244 4018 ii.
1257 3981 1320 4018 nor-

139 4051 212 4107 deor
225 4051 297 4108 mihi
311 4053 407 4109 divina
420 4060 495 4108 sorte
509 4051 540 4107 in
553 4050 607 4107 hoc
621 4056 705 4106 natus
759 4055 814 4103 troe
825 4048 905 4122 adp.
915 4049 983 4102 354.
996 4053 1023 4101 et
1032 4043 1141 4118 Sciaef.
1150 4043 1189 4098 ad
1201 4040 1318 4118 (ἕτερον.

138 4139 174 4187 ut
186 4130 241 4186 hoc
255 4133 418 4208 suscipiam,
430 4139 464 4188 ut
475 4131 530 4187 hoc
543 4129 704 4206 adgrediar,
754 4145 787 4202 1).
804 4131 873 4184 546.
889 4121 1201 4204 ἅγηλατέει·ξπτακόσια
1210 4122 1321 4177 ἐπίστια

137 4211 203 4268 scil.
219 4217 255 4266 ut
266 4231 316 4269 vos
330 4221 430 4270 contra
444 4211 545 4268 Medos
559 4211 662 4268 ducam
676 4219 706 4266 et
759 4205 925 4275 Ἀθηναίων,
939 4207 1143 4281 septingentas
1160 4201 1320 4258 Athenien-

136 4292 175 4350 ab
185 4289 301 4349 illorum
310 4294 382 4369 jugo
395 4293 525 4358 liberem,
539 4292 558 4346 i.
573 4294 640 4347 126.
650 4292 680 4364 s.
758 4287 832 4344 sium
851 4287 971 4343 familias
990 4287 1060 4342 urbe
1073 4283 1166 4360 ejecit,
1180 4302 1208 4339 v.
1225 4282 1274 4342 72.
1290 4299 1318 4337 α.

180 4367 215 4446 7)
238 4372 405 4431 lucelentius
417 4391 483 4429 υειιε
498 4379 525 4427 et
540 4371 706 4427 constructio
758 4365 805 4422 Dc
815 4367 915 4423 eisdem
921 4365 1043 4441 familiis
1055 4364 1167 4440 loquens
1177 4370 1278 4426 noster,
1290 4379 1320 4422 v.

137 4452 220 4512 verbi
235 4451 319 4526 Ἀγιιι
341 4456 371 4510 ia
393 4451 444 4510 itta
461 4450 589 4527 formula
608 4458 659 4519 eat,
680 4451 721 4506 εί·
759 4447 808 4508 73.
820 4443 1020 4506 αι’ίὲπτοκόσια
1030 4442 1139 4500 ἐπίστια
1147 4439 1321 4516 τὰδιωχθέν-
