3158 5038
463 273 554 328 ΛΟΓ
1089 270 1178 325 ΔΥΕ

221 401 228 450 .’
238 401 290 454 λεα
304 401 351 455 τοῦ
365 400 490 477 ποταμοῦ
498 395 805 475 ἀνοικοδόμησε-κατεῖ
839 393 934 472 Λοριό,
957 400 999 468 ἧς,
1016 396 1043 469 ἡ,
1065 397 1140 475 (Ion.
1156 417 1212 473 pro
1235 395 1332 476 λοφιὰ)
1351 399 1439 457 Juba

238 475 287 534 τόν
300 477 385 536 αῦτῦν
398 477 489 554 λόγον
502 482 538 557 τῷ
552 484 646 556 τείχε’ἱ,
655 482 675 537 1.
690 483 756 538 186.
767 499 803 536 m.
860 481 931 554 equi,
946 480 996 536 vii.
1012 481 1060 543 70.
1069 485 1099 555 s.

236 555 366 624 ῦκωςτοῦ
376 564 475 618 λοιποῦ
487 559 555 618 nord
569 559 659 634 λόγον
668 562 717 630 τῆς
728 581 806 624 reru·
841 555 953 626 Λοόειν,
968 560 1088 618 Latere.
1103 560 1239 640 μετέωρον
1252 558 1342 630 έόντα,
1356 561 1435 617 λοῦ-

239 637 346 716 γμένης
386 638 526 718 ἀποφορῆς
566 641 675 716 (oempe
709 637 805 718 μέρος)
861 640 926 697 σθαι
937 637 991 697 ῦπό
1001 645 1050 700 τοῦ
1064 641 1139 712 Διός,
1151 645 1270 700 timet.
1282 662 1309 698 ο.
1324 645 1391 698 125.
1396 642 1435 715 f.

240 716 337 786 τελέοι,
373 722 416 778 Ut
439 723 468 778 in
510 731 655 798 posterum
696 731 805 798 partem
841 716 942 796 Λόφος,
956 743 996 791 ου,
1012 720 1036 792 ό,
1058 723 1090 798 l)
1105 723 1201 792 Collis,
1216 723 1245 778 ii.
1264 726 1328 778 124.
1352 723 1436 796 ons.

242 789 334 856 soluni
356 802 455 859 tributi
474 802 599 878 impositi
623 802 730 878 pendat
749 802 806 858 Pro
861 798 894 875 2)
910 801 1003 859 Crista
1019 804 1118 879 galeae.
1142 799 1241 861 ἑπ1τι1
1261 799 1362 878 κρόνεα
1377 799 1435 858 λό-

240 881 360 950 ratione,
389 883 446 938 Pro
464 883 604 958 portione,
631 883 740 940 Habita
760 901 806 938 rs·
861 893 928 956 pour
949 879 1105 941 ἐπιδέεσθαι
1126 880 1217 960 Κᾶρές
1233 885 1286 939 εἰσι
1301 881 1326 938 oi
1340 903 1434 938 κατα-

239 960 672 1039 tione,oempedamniaceepti,
688 963 718 1020 ii.
738 965 805 1020 109.
845 959 996 1032 δόξαντες,
1024 965 1044 1022 1.
1070 967 1137 1029 171.
1165 983 1200 1022 m.
1225 961 1288 1020 α’ντ1
1306 959 1436 1039 λόφουή

240 1039 265 1096 b.
280 1039 323 1098 N.
861 1041 943 1118 λοφιῆ
957 1041 1087 1122 κατέχρα,
1102 1046 1150 1103 vii.
1165 1048 1211 1107 70.
1223 1047 1253 1122 s,
1267 1041 1364 1099 Μάκαι
1378 1039 1435 1098 λό-

222 1116 331 1197 Λόγχη,
346 1145 388 1192 ης,
402 1118 429 1192 ἡ,
446 1123 557 1200 Cuspis,
569 1122 727 1200 Spiculum,
737 1123 808 1180 Fer·
861 1133 929 1200 φονς
956 1127 1100 1200 κείρονται,
1129 1127 1222 1183 Maeae
1248 1125 1345 1181 cristas
1373 1123 1435 1180 sibi

241 1204 399 1262 rumhestae
408 1205 569 1280 praefixum.
582 1200 810 1281 αἱχμῆνστερεὴν
862 1205 990 1268 tondent,
1003 1208 1022 1262 ι’.
1037 1227 1061 1264 e.
1075 1207 1193 1264 Cornam
1207 1205 1306 1280 capitis
1318 1205 1359 1260 ira
1373 1205 1432 1260 sibi

240 1284 337 1340 πᾶσαν
350 1281 482 1362 χρυσέην,
497 1282 527 1343 τῦ
548 1281 648 1351 ξυστόν
661 1287 723 1365 τῇσι
739 1282 808 1358 λόγ·
862 1285 990 1355 tondent,
1001 1294 1035 1342 ut
1044 1288 1186 1344 invertite
1195 1286 1318 1342 emineat
1330 1284 1432 1352 erista,

239 1383 308 1440 χῃσι
327 1361 374 1422 ε’ῦν
387 1363 488 1442 ὁμοίως
509 1363 637 1443 χρύσεον,
651 1366 671 1421 i.
688 1370 737 1422 52.
753 1365 807 1430 nbi,
861 1363 900 1420 iv.
923 1367 991 1428 175.
1013 1385 1048 1424 m.
1074 1368 1121 1424 ubi
1137 1367 1201 1424 vide
1219 1385 1285 1443 quae
1299 1367 1431 1422 continuo

240 1445 314 1518 quod
324 1450 385 1527 τῇσι
399 1443 523 1523 λόγχῃσι
531 1446 641 1522 plurali
646 1464 757 1502 numero
768 1449 809 1503 ait
861 1444 961 1502 ibidem
973 1447 1167 1523 subjiciuntur.

241 1528 371 1600 scriptor,
386 1528 525 1603 sipotfioot
546 1523 713 1602 (interprete
732 1525 807 1583 Lor—
842 1529 951 1602 Λοχᾷν,
980 1528 1101 1586 Insidias
1133 1536 1252 1596 struere,
1281 1523 1430 1583 Insidiari.

242 1602 341 1679 clero)
350 1609 444 1681 fuisse
458 1609 548 1664 δοῦσα
562 1607 607 1664 itti
621 1607 676 1664 tria
689 1607 806 1682 spieuls,
863 1606 931 1663 Cum
945 1605 1079 1666 Aeeusat.
1098 1627 1251 1684 personae:
1275 1610 1320 1663 κα1
1333 1627 1385 1682 μιν
1403 1604 1433 1662 οἱ

240 1701 323 1741 uuum
350 1687 457 1762 loupiue
481 1694 516 1744 et*
529 1690 633 1745 rectius
656 1690 686 1744 ιἰι
710 1688 806 1754 medio,
860 1687 1047 1764 Λαμψακηνοὶ
1060 1693 1235 1766 λοχῆσαντες
1243 1684 1365 1764 αἱρέουσι
1375 1687 1433 1754 ζω-

241 1764 295 1821 duo
309 1766 367 1824 alta
378 1766 523 1842 (recurro)
538 1768 572 1826 ab
583 1768 803 1844 utrequelotere.
861 1771 934 1847 γρίη,
950 1770 986 1826 vi.
1002 1773 1050 1834 37.
1068 1790 1096 1826 α.
1118 1765 1300 1846 λοχήσαντες
1322 1761 1363 1823 ὦν
1376 1764 1432 1836 τήν

241 1844 406 1925 αἰχμοφόροι
422 1846 472 1914 τός
490 1849 604 1926 λόγχας
618 1847 690 1906 κάτω
708 1847 738 1913 ές
755 1849 808 1919 την
860 1847 974 1924 θεωρίδα
982 1846 1251 1919 νῆαεῖλον,11.81.ῦ.
1261 1849 1358 1925 qulbus
1366 1850 1432 1923 qui·

242 1929 299 2000 γῆν
312 1927 473 2004 τρέψαντες,
489 1931 536 1988 vii.
549 1937 598 1988 40.
612 1950 639 1986 α.
648 1935 697 1986 41.
708 1950 735 1988 ο.
746 1933 805 2006 ets.
861 1928 921 1985 dem
932 1931 1430 2007 ἑο1οο11ρο1σνα1ε11αηιαοοιι1ο11υιισ

241 2013 290 2065 55.
302 2029 336 2064 m.
348 2012 450 2088 αἱχμαὶ
461 2013 579 2088 σμικραὶ,
588 2011 691 2086 quibus
700 2006 808 2087 λόγχαι
860 2031 910 2085 μιν
924 2011 1015 2068 videri
1028 2031 1045 2067 a
1059 2011 1141 2068 verbo
1162 2007 1284 2086 αἱρέουσι
1300 2019 1327 2066 et
1348 2004 1430 2065 εἷλον

239 2085 348 2158 ἐπῆσαν
356 2089 491 2168 μεγάλαι,
503 2099 687 2148 memorantur
697 2091 744 2148 vii.
756 2096 804 2152 78.
856 2091 982 2164 μετιόντα
994 2111 1002 2148 :
1025 2093 1075 2148 sed
1088 2093 1196 2148 minime
1210 2089 1336 2166 ombtpuo
1349 2089 1431 2146 uerbi

240 2188 269 2226 ο.
287 2168 356 2227 Tum
366 2173 436 2230 elice
447 2171 548 2230 Hastae
559 2169 692 2248 (αἱχμαὶ)
704 2171 807 2247 quibus
860 2173 952 2247 λοχᾷν
966 2175 1130 2229 constructio
1141 2181 1182 2229 est
1194 2171 1241 2229 τιδι’
1254 2173 1294 2227 uit
1307 2171 1432 2246 scriptor

240 2245 320 2325 κέρας
331 2248 458 2326 δορκάδος
468 2251 540 2322 έπῆν
552 2251 601 2318 όξῦ
613 2249 805 2328 πεποιημένον,
859 2249 1095 2328 ἐλόχησαν-τός
1105 2251 1263 2321 Ἀθηναίων
1278 2257 1428 2324 γυναῖκας,

240 2327 341 2404 τρόπον
354 2329 475 2410 λόγχης,
490 2334 538 2391 vii.
554 2338 603 2392 69.
619 2353 646 2391 α.
662 2353 697 2390 m.
858 2331 1167 2390 vi.138.u.Sndeteum
1174 2333 1351 2390 Accusatrer'
1364 2351 1430 2388 σοα-

221 2407 333 2486 Λοιμός,
348 2417 389 2480 οῦ,
404 2411 429 2484 ό,
445 2415 549 2478 Pestis,
564 2415 651 2472 Lues.
666 2409 750 2490 λιμόν
761 2413 805 2470 καὶ
857 2415 977 2470 struitur
990 2413 1061 2470 idern
1081 2414 1192 2472 uerbum
1205 2433 1233 2470 ν.
1255 2415 1322 2469 lll.
1338 2432 1366 2470 α.
1382 2413 1432 2470 nti

241 2488 342 2566 λοιμόν
355 2491 487 2566 γενέσθαι
504 2491 613 2550 αῦτοῖσέ
630 2517 659 2552 τε
676 2495 720 2550 καὶ
734 2499 806 2551 τοῖσι
852 2489 1004 2570 ,ἐλόχησαν
1012 2492 1064 2564 τήν
1073 2493 1106 2552 έν
1117 2491 1238 2572 Πηδάσῳ
1246 2489 1322 2562 όδόν,
1335 2493 1372 2550 In
1383 2494 1431 2550 vie

240 2566 414 2645 προβάτοισι,
428 2573 477 2632 vii.
496 2577 562 2636 171.
578 2577 645 2649 ruf.
660 2571 807 2647 ε’πιλαβιδν
859 2574 895 2630 sd
904 2572 1427 2633 PedasumoollooarantinsidiasPer·

241 2651 339 2726 λοιμός
347 2650 394 2710 τόν
404 2652 522 2730 στρατόν
532 2657 576 2711 καὶ
582 2653 805 2731 δυσεντερίηνίἱί.
856 2671 954 2730 peram
969 2655 1007 2712 tbi
1021 2655 1083 2713 olim
1096 2653 1272 2732 ε’λοχόσαντο
1287 2653 1429 2712 edebatur.

243 2734 310 2790 115.
320 2752 353 2789 m.
368 2735 415 2792 ubi
428 2732 525 2813 λοιμός
535 2755 613 2812 quern
623 2737 699 2805 dicit,
712 2737 806 2794 eedem
839 2733 1007 2812 Λοχηγέειν,
1023 2739 1042 2794 i.
1057 2757 1083 2812 q.
1099 2734 1187 2814 λόχον
1198 2732 1325 2812 ἡγεμόνα
1339 2731 1428 2810 ἔχειν,

241 2808 396 2890 δυσεντερίη
422 2825 470 2873 est.
505 2813 602 2892 λοιμός
630 2819 701 2874 euim
723 2817 805 2874 totel-
860 2817 992 2874 Cohortis
1006 2819 1117 2887 ducem,
1131 2818 1429 2892 Cohortipraefectum

241 2892 337 2970 ltpitor
351 2897 481 2958 Quilibet
491 2899 607 2955 morbus
620 2899 804 2974 epidemicus,
857 2916 929 2954 esse.
937 2899 993 2954 τῶν
1002 2895 1138 2974 ἐλοχήγεε
1147 2893 1379 2975 Ὀλυμπιόδωρος,
1389 2898 1428 2954 ix.

239 2976 298 3032 siue
311 2977 490 3052 contagiosus
505 2978 554 3035 ille
563 2981 613 3048 eit,
627 2982 687 3036 sive
697 2981 795 3036 miuus.
859 2983 907 3034 21.
930 2987 1003 3036 extr.
1017 2976 1167 3054 λοχηγέων
1187 2982 1235 3037 τοῦ
1250 2975 1428 3047 Πιτανητέων

220 3053 333 3126 Λοιπδς,
356 3054 382 3127 ἠ,
402 3055 445 3128 δν,
466 3059 615 3136 Reliquus·
635 3063 683 3117 τοῦ
696 3061 804 3129 λοιποῦ,
858 3055 955 3135 λόχου,
983 3060 1023 3116 ix.
1050 3065 1099 3118 53.
1124 3079 1151 3116 ο.
1174 3060 1223 3117 ubi
1247 3055 1427 3136 λοχηγετέων

241 3133 363 3207 Dehinc,
379 3139 416 3195 In
434 3147 589 3215 posterum,
604 3140 635 3198 ii.
654 3145 719 3198 109.
736 3141 762 3198 b.
779 3149 806 3196 et
858 3139 921 3196 olim
943 3140 1005 3196 edel.
1025 3142 1098 3216 quod
1114 3141 1232 3218 quidem,
1246 3142 1276 3196 oi
1294 3143 1424 3216 refrepa-

235 3216 318 3275 volibi.
338 3218 420 3280 Quod
432 3239 497 3276 vero
514 3220 555 3277 iii.
578 3224 627 3278 65.
643 3241 677 3278 m.
694 3221 804 3298 lepttur,
858 3229 956 3277 rentur
979 3222 1086 3279 codices
1106 3221 1303 3298 propemodum
1324 3239 1422 3290 omues,

239 3293 349 3373 δεύτερα
357 3302 412 3356 τῶν
421 3297 750 3376 λοιπῶνῦμῖν--γένεταέ
759 3323 807 3377 μοι
850 3303 931 3377 ferri
944 3305 1071 3378 elipeum
1082 3311 1220 3378 potuerat.

239 3373 461 3450 ἀναγκαιότατον
474 3377 663 3452 ἐντέλλεσθαι,
679 3381 805 3440 Larelte·
838 3385 984 3459 Λοχέζειν,
1000 3384 1035 3440 In
1048 3382 1208 3459 manipulos
1221 3383 1280 3440 slve
1294 3382 1425 3439 cohortes

240 3458 807 3534 rusquidem(proooeansodMortloodr‘
858 3460 990 3539 (λόχους)
1017 3464 1187 3522 distribuere
1214 3460 1328 3540 ε’λόχισε
1355 3458 1424 3520 κατέ

240 3535 390 3596 Aoimodo.
413 3541 452 3597 at
472 3537 558 3598 Meu.
589 3541 658 3618 Tyr.
682 3538 804 3601 Dissert.
858 3541 940 3600 τέλεα
951 3542 1014 3624 τοῦς
1027 3542 1059 3602 ἐν
1071 3543 1163 3622 Ἀσίη,
1178 3545 1203 3602 1.
1217 3549 1284 3602 103.
1297 3563 1324 3600 α.

239 3619 352 3695 11111μ.
369 3619 456 3696 682.)
470 3622 621 3692 adnotavit,
635 3625 807 3682 τῦνλοιπῦν
839 3620 942 3698 Λόγος,
969 3648 1011 3694 ον,
1039 3621 1064 3694 ό,
1093 3625 1269 3701 Manipulus,
1308 3622 1425 3693 Cohors,

239 3699 279 3755 ibi
292 3697 360 3758 ι’δσοι
374 3705 467 3760 αυτοῦ
488 3705 588 3760 λοιποῦ
605 3704 721 3774 oelere;
749 3707 805 3782 etp·
859 3703 968 3762 Manus
1004 3706 1144 3778 Militum,
1168 3707 1207 3762 ix.
1242 3709 1292 3763 53.
1321 3713 1348 3761 et
1375 3706 1423 3766 57.

238 3781 409 3860 oifieoreque
428 3784 566 3854 Tandem,
581 3785 667 3850 Quod
685 3787 721 3844 ed
740 3785 806 3842 reli·
855 3785 923 3861 plus
950 3787 1041 3844 semet.
1067 3784 1180 3848 Εόλινον
1201 3783 1301 3863 λόχον,
1330 3785 1425 3842 Neues

238 3879 328 3935 quum
349 3865 460 3934 attinet,
482 3866 637 3923 Caeterum.
679 3865 722 3924 At
736 3885 805 3940 per·
858 3867 974 3924 hostiles
989 3868 1062 3924 dion
1079 3866 1194 3944 Pyrria,
1209 3867 1228 3924 i.
1245 3867 1334 3941 stf.
1357 3864 1422 3923 cott.

238 3943 362 4014 spiceum
384 3955 432 4012 est,
452 3947 603 4022 penitioum
625 3949 680 4004 τῦν
699 3949 805 4004 λοιπῶν
859 3952 908 4004 58.
924 3965 951 4004 α.

238 4019 278 4076 1δί
288 4041 306 4077 α
318 4024 489 4100 superlativo
503 4023 727 4100 ἀναγκαιότατον
734 4031 804 4104 περὶ,
838 4025 933 4097 Λόειν,
944 4028 1070 4096 Solvere,
1082 4025 1231 4104 Abrogare
1243 4027 1335 4103 lepem.
1346 4022 1424 4084 λῦειν

239 4109 268 4156 ut
281 4107 416 4162 sententio
430 4107 493 4164 boeo
506 4109 562 4164 sit:
586 4107 719 4166 Secundo
732 4109 803 4173 loco,
859 4105 961 4183 νόμους
972 4105 1093 4186 ἔχοντας
1106 4103 1196 4178 εῦ,111.
1213 4113 1261 4164 82.
1274 4116 1346 4165 eutr.
1361 4105 1424 4163 No·

238 4180 411 4256 reliquorum
425 4195 643 4263 praeceptorum,
655 4207 720 4264 quae
734 4187 804 4246 mihi
858 4192 930 4246 tione
941 4189 1096 4246 Libersndi
1114 4210 1130 4247 e
1147 4189 1285 4246 servitute
1299 4188 1344 4245 vel
1357 4205 1423 4262 cop·

237 4261 317 4318 vobis
355 4263 448 4323 danda
483 4278 645 4342 supersunt,
680 4270 804 4326 maxime
858 4270 968 4327 tivitate
998 4271 1198 4345 positumsttoo
1225 4269 1336 4328 verbum
1363 4267 1424 4324 olim

237 4345 429 4402 necessarium
445 4347 499 4404 hoo
514 4354 567 4404 est.
858 4350 1004 4407 uidebatur
1024 4351 1064 4407 ix.
1092 4351 1139 4412 76.
1163 4369 1198 4406 m.
1220 4351 1268 4408 ubi
1283 4349 1424 4426 lepebotur

217 4421 325 4491 Λοξίης,
345 4447 389 4494 eor,
410 4424 436 4495 ό,
452 4427 567 4496 Loxias,
585 4427 698 4502 Apollo,
717 4429 737 4484 i.
754 4433 802 4486 91.
857 4433 943 4486 λῦσαί
955 4453 990 4507 με
1004 4427 1056 4500 τήν
1066 4428 1153 4487 ’ἱκέτιν
1167 4428 1351 4508 αἰχμαλιότου
1362 4428 1423 4486 δον·

236 4521 264 4558 ο.
281 4511 308 4558 et
321 4523 355 4561 m.
857 4508 1041 4580 λοσόνης.Α1,
1050 4514 1076 4568 si
1084 4511 1176 4569 ibitur
1184 4511 1267 4569 uerbo
1275 4509 1424 4580 υ1ίοο11ι11·
