3174 5040
386 226 470 282 ΕΠῙ

158 356 206 414 vii·
226 359 293 414 180.
309 374 337 412 α.
348 353 376 422 ἐξ
387 353 517 422 ἐναντίης
531 347 719 428 ἐπισπόμενοι,

159 436 205 494 Ex
219 436 340 494 adverso
352 435 529 511 ingruentes,
544 439 574 489 et
586 431 721 490 invaden-

158 524 209 587 tes,
224 517 273 574 vii.
290 519 359 574 225.
368 519 397 590 s.
415 513 472 572 viii.
489 513 517 576 7.
532 532 566 570 οι.

142 593 311 664 Ἐτιστεέναι,
333 595 407 668 (Ion.
428 612 485 670 pro
506 587 665 669 ἐφιστάναι)
690 587 722 668 1)

160 677 339 734 Constituere
354 694 448 750 supra,
464 673 627 732 Praeficere.
643 671 722 728 Hinc

160 755 185 812 ci
202 755 377 825 ἐπεστεῶτες,
392 753 536 822 Praefecti,
557 753 721 828 Praepositi,

159 838 187 894 ii.
204 841 274 894 148.
290 856 323 894 ne
333 833 382 892 τόν
396 831 552 892 ἐπεστεῶτα
565 835 614 902 τῆς
628 829 722 908 διιόρυ-

159 939 219 993 χος,
233 917 280 974 vii.
296 918 363 978 117.
373 935 401 972 α.
417 914 467 972 Sic
477 911 541 980 τοός
552 911 597 970 ε’πὶ
605 909 723 971 τουτέων

160 996 330 1062 ἐπεστεῶτας
343 995 422 1053 codd.
434 1005 460 1052 ei
474 995 537 1052 edd.
551 993 676 1051 nonnulli
684 994 721 1051 iv.

161 1082 208 1135 84.
224 1077 251 1136 h.
271 1077 319 1134 uhi
335 1096 383 1134 nos
402 1095 462 1132 curn
483 1075 548 1132 aliis
568 1075 620 1132 dno
640 1074 724 1131 verba

160 1157 204 1214 ε’πὶ
218 1155 336 1215 τουτέων
349 1157 505 1232 abjecimus,
517 1164 547 1212 nt
560 1155 725 1218 trementer

161 1239 198 1296 ihi
222 1237 265 1294 nil
285 1237 366 1294 aliud
387 1238 442 1292 nisi
462 1235 616 1294 Adstentee
637 1237 723 1311 sipiri-

155 1319 236 1393 flcet.'
282 1316 351 1374 Vide
374 1315 440 1374 Ver.
458 1315 537 1374 Leot.
560 1324 587 1372 et
603 1313 672 1372 Not.
693 1311 724 1371 τό

160 1394 345 1474 ἐπιστάμενον
359 1400 407 1454 τοῦ
427 1393 581 1470 γόλακτος,
597 1395 633 1452 Id
647 1394 724 1471 quod

162 1481 191 1536 in
212 1479 287 1536 leste
305 1481 434 1554 Superne
456 1484 521 1546 stat,
541 1477 723 1550 supernatat,

162 1560 198 1616 iv.
224 1563 252 1615 2.
273 1561 302 1634 f.
331 1557 485 1633 Perperene
513 1575 578 1613 uero
603 1553 675 1626 olim,
702 1555 722 1610 i.

166 1643 229 1696 196.
238 1659 274 1696 nt.
288 1640 388 1696 editum
403 1646 464 1694 erui
477 1639 513 1713 τῷ
526 1631 557 1694 τό
571 1631 725 1711 έλόχιστον

163 1716 343 1796 ἐπισταμένῳ,
358 1719 405 1775 nbi
424 1736 516 1776 oerum
531 1725 592 1774 erat
605 1712 724 1772 irrora-

198 1823 213 1856 ν
236 1841 244 1857 .

163 1823 239 1952 1223
259 1880 391 1936 Statuere
409 1878 454 1936 cel
476 1876 656 1935 Constituere
678 1873 723 1944 ed,

163 1961 253 2037 juxta,
282 1961 328 2016 vel
354 1960 497 2016 adversus.
526 1953 726 2024 ἐπιστήσαντες

166 2038 251 2118 πέπλῳ
270 2037 301 2097 τό
321 2043 396 2115 σῆμα
409 2037 454 2114 (id
467 2047 516 2107 erl,
531 2037 592 2113 περὶ
605 2035 635 2093 τό
649 2039 726 2112 σῆμα

167 2117 267 2197 κόελμ)
283 2119 384 2183 ἱππέας
394 2115 539 2186 τοιούτους,
546 2119 585 2174 ἰν.
595 2118 643 2178 72.
648 2119 676 2192 f.
683 2114 724 2172 Ν.

166 2199 242 2258 Hinc
256 2195 384 2268 ἐπέστην,
394 2199 518 2266 Accessi,
531 2200 582 2254 Sto
595 2197 671 2272 apud
683 2196 728 2252 vel

166 2290 240 2338 ante.
254 2278 316 2336 έπεί
334 2302 362 2336 τε
377 2277 422 2334 ἐπὶ
436 2283 468 2359 τῇ
482 2280 647 2352 Κυρηναίων
659 2273 727 2332 πόλι

166 2357 331 2428 ἐπέστησαν,
340 2359 380 2415 iv.
390 2363 459 2416 203.
467 2378 493 2415 α.
505 2357 545 2414 Et
556 2356 582 2414 oi
593 2355 726 2414 ἐπεστεῶ-

167 2463 218 2506 τες,
232 2440 401 2504 Adstantee‚
415 2439 450 2495 In
469 2439 630 2514 propinquo
648 2445 725 2495 sten-

167 2529 217 2590 teS,
232 2520 252 2576 i.
269 2523 318 2577 59.
334 2539 362 2576 α.
377 2521 415 2576 iv.
431 2524 479 2575 84.
496 2517 519 2574 h.
534 2515 577 2574 N.

204 2597 238 2675 3)
250 2597 417 2656 Ἐπιστιέναι
430 2599 483 2656 τινὶ
493 2595 602 2670 ἀγῶνα,
613 2601 634 2654 ι’.
642 2617 669 2674 q.
684 2595 725 2654 ἶσ-

165 2677 247 2738 τόναι
264 2681 309 2737 vel
326 2677 473 2736 ε’νιστόναῒ
487 2676 588 2751 α’γῶνα
602 2676 647 2734 έπ1
662 2701 725 2746 τινι,

167 2761 203 2817 In
221 2761 388 2818 memoriam
402 2768 432 2817 et
448 2761 586 2816 honorem
607 2759 726 2834 alicujus

167 2841 320 2898 instituere
335 2835 514 2915 (Celebrate)
523 2839 615 2896 ludos.
627 2836 726 2911 ἐναγί-

168 2923 245 2988 ζουσί
260 2932 307 2998 σφι
320 2917 463 2996 μεγιέλως,
478 2920 522 2990 καὶ
539 2917 639 2992 α’γιόνα
654 2942 726 2994 γυμ-

168 2999 241 3058 νικόν
263 3003 308 3057 καὶ
328 2998 439 3056 ἱππικόν
457 2998 594 3068 ἐπιστᾶσι,
611 2999 632 3055 1.
658 3001 725 3060 167.

167 3101 200 3138 m.
216 3085 263 3138 καί
276 3081 302 3138 oi
321 3078 515 3149 τελευτήσαντι
533 3077 725 3146 θύουσα-καὶ

168 3161 267 3235 α’γῶνα
288 3157 398 3217 ἱππικόν
417 3184 446 3216 τε
460 3161 504 3216 καὶ
518 3157 653 3237 γυμνικόν
666 3155 726 3216 έπι-

168 3245 258 3310 σπᾶσι,
273 3243 311 3298 vi.
326 3246 375 3298 38.
391 3261 418 3298 α.

148 3324 339 3390 Ἐπίστασθαι,
357 3318 388 3395 1)
402 3331 432 3377 ut
449 3321 526 3396 apud
542 3320 621 3389 ulios,
641 3322 680 3376 sio
702 3329 728 3376 et

167 3404 244 3478 opud
263 3401 408 3470 Nostrum,
427 3403 514 3471 Scire,
530 3401 629 3468 Nosse,
643 3401 728 3476 sipni·

161 3485 242 3558 ficui.
267 3481 316 3539 Sic
337 3480 467 3557 ἀτρεκέως
490 3479 656 3538 ἐπίστασθαι
677 3478 729 3549 τήν

168 3565 281 3640 τέχνην,
291 3563 332 3618 111.
342 3567 406 3619 130.
415 3582 441 3618 α.
449 3556 542 3618 πόντα
551 3562 685 3630 ἠπίστατο
693 3556 728 3617 τό

167 3641 197 3700 έν
207 3647 243 3720 τῷ
253 3642 300 3719 ἱρῷ
309 3639 424 3720 ι’έμεινον
434 3637 451 3710 ἢ
462 3641 576 3698 elc.viii·
587 3645 635 3698 35.
648 3640 672 3696 θ.
687 3639 729 3697 Et

168 3724 269 3800 absque
283 3743 373 3799 anpm.
388 3723 528 3788 ἐπίστατο,
542 3721 601 3778 viii.
618 3724 683 3779 136.
698 3740 725 3778 α.

168 3824 201 3861 οι.
227 3805 274 3860 uhi
298 3814 388 3860 tanen
409 3800 543 3870 ἠπίστατο
567 3803 730 3877 penserunt

168 3885 227 3941 alii.
250 3883 280 3941 τό
299 3881 328 3940 δέ
345 3880 384 3960 μή
401 3880 568 3946 ἐπιστέαται,
585 3879 658 3956 (Ion.
674 3901 729 3957 pro

167 3963 348 4035 ἐπίστανται)
363 3965 441 4019 τοῦτο
454 3960 556 4039 φράσω,
566 3961 605 4018 111.
623 3964 690 4018 103.
700 3981 727 4018 a.

169 4039 729 4118 ἔνθενέγένετοέκαστος-οόκἠπιστέατο,

167 4123 242 4200 (Ion.
264 4144 320 4202 pro
334 4123 511 4196 ἠπίσταντό)
527 4124 557 4179 11.
578 4127 626 4180 53.
642 4141 667 4178 α.
682 4123 730 4179 ἵνα

169 4204 274 4282 Πέρσαι
288 4202 468 4262 ἐπιστέωνται
481 4222 538 4280 seq.
554 4201 657 4260 Aecus.
671 4222 730 4260 cnm

1007 233 1089 294 Elii

770 365 910 434 potuerat,
926 354 968 416 in
988 359 1033 418 rel
1051 357 1088 426 ὥς
1105 359 1164 420 ἐστι
1185 360 1264 421 ollis
1284 371 1334 424 ete.

773 438 824 494 secl
836 437 964 514 majorem
978 441 1032 496 rin
1043 441 1123 500 hahet
1137 445 1224 500 oratio
1238 448 1337 503 omissa

775 517 973 593 conjunctione.

819 598 996 658 Construitur
1022 600 1132 658 verium
1153 599 1337 662 Ἐπίττασθοι

776 679 857 734 etiarn
880 699 940 736 cum
970 681 1042 738 nudo
1070 679 1211 758 infinitivo
1237 683 1338 760 ubsque

775 757 944 816 Accusativo
959 780 967 816 :
983 758 1031 816 οόκ
1044 758 1244 838 ἐπισταμένους
1258 765 1339 836 λογί-

777 839 883 909 ζεσθαι,
893 839 923 896 11.
937 843 981 896 16.
992 859 1020 898 α.
1036 837 1097 898 οὔτε
1108 839 1265 919 α’μόνεσθαι
1278 842 1338 902 ἐπι-

777 915 899 988 στέαται,
915 920 1097 996 Repugnere,
1109 923 1241 980 resistere
1254 923 1339 994 hosti,

777 1000 917 1070 nesciunt,
942 1000 978 1056 iv.
1006 1001 1073 1063 174.
1115 999 1275 1076 Peculiaris
1298 1007 1341 1062 vis

777 1079 842 1136 huic
864 1079 947 1138 oerho
966 1081 995 1136 in
1017 1080 1173 1156 hujusmodi
1188 1084 1338 1158 formula:

776 1156 911 1216 έπίστασο
936 1155 1009 1216 εἶναι
1030 1161 1086 1218 olel
1112 1163 1242 1231 τοιοῦτος,
1262 1165 1341 1222 Scito

777 1246 941 1297 constanter
954 1259 1016 1298 esse
1031 1241 1104 1309 telis,
1116 1242 1147 1298 id
1160 1251 1200 1300 est
1215 1243 1292 1302 Cure
1305 1252 1339 1302 ut

778 1327 941 1378 constanter
967 1320 1054 1378 telem
1080 1329 1108 1378 te
1134 1329 1263 1397 praeetes,
1289 1325 1339 1381 vii.

777 1403 826 1456 29.
846 1401 876 1474 s.
922 1399 1008 1475 Cujus
1027 1400 1080 1457 loci
1100 1419 1151 1476 ope
1169 1399 1255 1458 ulium
1268 1403 1340 1480 diffi-

777 1480 856 1536 cilem
871 1489 897 1537 ei
912 1489 1114 1538 controversum
1125 1481 1221 1552 locum,
1231 1483 1272 1539 iii.
1290 1489 1338 1540 15.

777 1579 803 1616 ο.
809 1569 957 1636 perspecte
969 1560 1183 1642 (infelicissime,
1193 1571 1222 1618 nt
1233 1564 1341 1638 quidem

777 1659 850 1698 nune
873 1644 969 1710 sentio,
996 1640 1139 1717 expedivit
1167 1643 1293 1700 eruditus
1316 1653 1342 1700 et

778 1723 890 1778 eciniae
904 1723 965 1796 spei
967 1721 1083 1796 juvenis
1098 1720 1248 1797 Werserus‚
1262 1723 1341 1798 cujus
1360 1713 1373 1730 ⁸

775 1811 978 1875 praematurum
996 1811 1105 1858 moriem
1124 1802 1242 1858 nondum
1256 1803 1341 1860 cledo-

778 1880 819 1936 lui
829 1901 837 1936 :
854 1883 877 1936 εἶ
887 1877 1024 1950 ἠπιστήθη
1032 1877 1070 1957 μή
1080 1884 1336 1958 πολυπραγμονεῖν,

779 1961 811 2016 Si
830 1961 958 2018 scivisset
975 1979 1063 2018 noves
1082 1979 1128 2018 res
1144 1980 1202 2018 non
1223 1962 1337 2030 moliri3

780 2040 811 2096 Si
825 2040 892 2096 satis
911 2041 1036 2116 prudens
1055 2041 1165 2110 suisset,
1180 2041 1212 2098 Si
1230 2042 1338 2116 potuin-

779 2127 823 2177 set
848 2139 910 2178 sese
937 2141 955 2178 e
981 2139 1119 2178 noverum
1141 2139 1236 2177 rerum
1257 2121 1340 2178 moli-

780 2201 857 2258 tione
879 2201 1014 2258 retinere.
1044 2200 1124 2275 Cous.
1145 2198 1209 2256 Ver.
1225 2199 1302 2258 Leet.
1315 2210 1341 2257 et

780 2279 850 2338 Not.
865 2282 910 2338 od.
925 2281 945 2336 l.
962 2300 986 2338 c.
1011 2279 1147 2337 Similiter
1160 2281 1278 2358 quadum
1291 2300 1340 2338 ra·

781 2363 853 2418 tione
867 2361 969 2418 dictum
984 2361 1069 2417 estid
1085 2361 1157 2436 quod
1169 2360 1203 2417 de
1226 2359 1341 2418 Socrate
1355 2421 1358 2428 ,

781 2439 893 2516 loquens
907 2439 1060 2516 Xenophon
1074 2443 1162 2515 refert
1183 2439 1339 2498 Memorah.

780 2520 822 2576 iii.
847 2523 875 2588 9,
900 2525 927 2576 4.
952 2520 999 2577 uhi
1021 2529 1166 2597 postquam
1190 2521 1271 2587 dixit,
1294 2518 1343 2579 τόν

781 2597 817 2656 τό
848 2598 921 2656 καλιέ
948 2601 993 2656 καὶ
1020 2597 1118 2673 α’γαθό
1149 2597 1343 2674 γιγνώσκοντα

781 2681 903 2754 χρῆσθαι
931 2678 1184 2756 αὐτοῖς-ἔκρινεν,
1213 2683 1342 2738 Socrates

777 2761 933 2835 judicabat,
949 2762 999 2835 qui
1012 2761 1131 2818 honeste
1144 2769 1173 2817 et
1186 2762 1261 2818 bona
1273 2781 1341 2836 cog-

780 2840 842 2896 nita
866 2839 995 2910 haberet,
1021 2842 1154 2897 eumdem
1180 2840 1224 2898 his
1256 2842 1343 2898 etiam

780 2921 833 2988 uti,
856 2921 887 2976 iol
908 2930 956 2989 est,
976 2921 1109 2978 eumdem
1130 2921 1182 2976 hoc
1201 2921 1292 2976 ‚etiam
1311 2921 1342 2976 in

782 3001 915 3058 universa
938 3000 1005 3056 vitae
1027 3001 1136 3056 actione
1163 3001 1253 3073 sequi,
1278 2999 1342 3056 hoec

781 3081 900 3155 atljict'l:
928 3080 973 3136 καὶ
993 3075 1042 3135 τόν
1066 3076 1102 3135 cti
1123 3077 1229 3154 αἶσχριέ
1250 3075 1342 3134 εἰδότα

782 3156 965 3232 εὐλαβεῖσθαι
976 3154 1061 3234 σοφόν
1071 3182 1099 3215 τε
1111 3160 1154 3214 καὶ
1166 3155 1292 3235 σοι’φρονα
1300 3155 1343 3214 ir-

781 3264 867 3318 ρινεν,
880 3248 909 3297 et
923 3239 1086 3315 Sapientem
1094 3239 1273 3314 Virtutisque
1284 3238 1343 3294 cul·

783 3333 874 3378 torem
894 3321 1041 3396 judicabat
1063 3319 1140 3377 hunc
1167 3320 1217 3396 qui
1243 3320 1343 3395 fugere

782 3409 877 3458 nosset
891 3401 1004 3476 turpia:
1026 3420 1077 3476 quo
1092 3399 1149 3457 loco
1162 3401 1258 3476 (sicuti
1273 3419 1343 3478 pos-

783 3484 833 3538 sim
849 3485 878 3538 in
899 3482 964 3538 aliis
986 3481 1105 3556 ejusden
1122 3482 1260 3538 utilissimi
1279 3481 1346 3538 libri

784 3559 865 3638 locis)
880 3565 1001 3639 pennino
1019 3559 1184 3636 Philosophi
1199 3565 1343 3631 sententio,

784 3653 838 3700 turn
848 3645 998 3717 perspicue
1012 3662 1091 3717 quam
1100 3652 1179 3698 acute
1188 3645 1343 3710 enunciata,

784 3725 951 3780 doctissimos
955 3722 1064 3798 sesellit
1077 3725 1251 3796 interpretes.

825 3801 858 3877 2)
882 3802 1054 3878 Frequenter
1073 3821 1138 3858 uero
1162 3799 1345 3858 Ἐπίστασθαι

784 3885 862 3959 apud
886 3881 1021 3940 Nostrum
1044 3881 1085 3938 nil
1105 3881 1185 3937 alind
1208 3883 1263 3938 nisi
1287 3881 1345 3938 Pu·

785 3972 855 4032 tare,
869 3963 1052 4030 Existimare,
1066 3963 1212 4037 sipnificat.
1248 3960 1290 4018 Et
1303 3981 1345 4019 se·

785 4045 839 4100 nel
859 4045 967 4118 quidem
994 4043 1127 4117 aolr'icitur
1150 4061 1245 4098 nornen
1272 4039 1345 4120 δόξῃ.

785 4148 836 4193 τήν
856 4128 952 4198 Σαρον
967 4145 1108 4180 επιστεατο
1123 4119 1184 4200 δόξῃ
1199 4123 1243 4180 καὶ
1262 4119 1348 4200 Ἠρα-

786 4201 870 4269 κλέας
884 4201 990 4273 στήλας
1002 4203 1066 4260 'icor
1076 4199 1203 4280 α’πέχειν,
1210 4204 1269 4260 viii.
1281 4208 1346 4260 132.

168 4285 272 4362 infinit.
295 4286 334 4341 iii.
359 4288 425 4342 134.
448 4304 475 4340 a.
493 4303 527 4340 ut.
552 4279 667 4339 ἐπίσταο
691 4280 729 4352 δέ,
778 4288 807 4360 f.
841 4285 922 4342 Alibi
949 4285 1050 4340 nudum
1077 4284 1187 4340 uerbum
1207 4286 1345 4358 ponitur:

169 4365 202 4442 (i.
221 4387 247 4443 q.
272 4363 418 4435 η’πίστασο,
441 4361 628 4431 Scito,—iort
651 4361 730 4420 ου’δέν
784 4363 963 4442 ἐπιπτόμενοι
977 4361 1062 4419 αὐτόν
1076 4360 1134 4420 τότε
1148 4363 1317 4429 τελευτῆσαι,
1329 4361 1347 4416 1.

167 4443 241 4504 ἄλλο
255 4444 335 4509 ἔθνος
344 4453 395 4502 etc.
404 4445 452 4502 vii.
462 4448 569 4501 nonu.
582 4443 628 4500 uhi
637 4444 730 4502 dicere

789 4451 855 4504 122.
872 4466 898 4503 α.
914 4443 1080 4500 ἐπίστασθαι
1092 4439 1147 4516 γιέρ
1161 4439 1198 4505 ιός
1211 4437 1348 4512 βουκόλου
