3174 5040
400 263 486 318 ΕΠΙ
1011 267 1094 326 EIII

170 394 237 448 114.
249 394 280 467 s.
300 389 349 450 ubi
365 393 454 468 paulo
472 402 545 463 ante,
560 395 591 451 in
611 397 731 454 eamdem
828 391 1059 455 Quemadmodum
1098 415 1164 454 oero
1201 401 1347 475 particulo

165 473 459 544 sententiamaiebant,
472 470 730 552 ἡμιῑςρῠκᾶρδυν.
784 468 859 540 ὅθεν,
883 493 965 550 quam
989 477 1019 532 in
1041 477 1162 535 eamdem
1186 485 1346 539 sententiam

165 554 270 625 οίμεθα
295 549 395 610 οἰκέειν
418 553 487 631 μετά
515 556 572 612 τοῖν
595 553 731 632 ύμετίρωυ
784 571 818 609 ao
840 549 881 610 ἔτ’
904 552 968 612 ὅτου
993 567 1154 634 υευτραίυτυ
1180 559 1220 616 iv·
1243 565 1292 619 45.
1315 581 1345 622 a.

166 635 317 703 γυναικῶν.
347 633 492 701 Similiter,
506 632 631 692 ε’κίλευοέ
645 649 731 714 σφεας
784 633 911 702 vidimus,
931 639 1136 712 proprietatem
1155 639 1229 697 valet
1247 661 1281 698 ao
1298 640 1347 700 εἶπ’

167 709 209 768 ἐπ’
230 710 341 770 ἑωυτῶν
362 713 484 783 ἵζεσθαι,
505 717 545 772 ix.
569 717 615 778 17.
635 737 670 774 m.
686 716 728 776 N.
783 709 815 768 ού
837 713 882 770 vab
902 711 950 770 ἅτ’
971 713 1043 786 ὅτου,
1058 719 1099 774 sic
1118 719 1165 776 ubi
1179 719 1213 776 de
1231 719 1346 798 Oripine

165 795 211 848 τοῦ
226 791 424 868 Παρνησσοῦὴ
438 793 537 872 κορυφή
547 793 618 853 eard
633 795 731 856 Νέωνα
784 801 832 850 aut
857 792 1008 852 Occasione
1022 795 1152 855 Nominis
1173 800 1218 856 oei
1242 802 1346 879 Cepna-

165 869 250 930 πόλιν
264 871 375 950 κειμένη
389 873 431 931 ἐπ’
444 872 553 944 ἑωυτῆς,
569 877 628 934 viii.
641 883 690 936 32,
701 899 728 936 a.
782 875 863 930 minis
886 878 1007 950 impositi
1027 877 1133 949 apitur,
1153 879 1266 938 subinde
1288 882 1346 938 ioco

166 953 609 1028 quibusinoerbisnibiioidetur
622 967 729 1015 muton-
779 957 993 1030 praepositionis
1014 955 1057 1013 ε’πί
1083 962 1164 1014 etiam
1187 957 1243 1016 ιίτὸ
1269 963 1348 1038 apud

167 1034 239 1090 dum.
258 1033 396 1110 Caspium
414 1053 492 1093 mere
506 1046 549 1093 est
562 1033 605 1092 ἐπ’
617 1033 729 1108 ἑωυτῆς,

167 1113 275 1182 Perse,
287 1115 457 1189 separatum
468 1135 484 1174 a
494 1115 604 1192 reliquo
613 1119 695 1188 meri,
708 1121 728 1176 i.

168 1199 235 1250 202.
241 1197 273 1270 s.
282 1198 351 1252 203.
361 1215 389 1252 a.
400 1191 479 1272 είχον
488 1194 560 1253 οὗτοι
569 1194 611 1252 e'n'
621 1194 730 1256 ἑωυτῶν

165 1271 277 1350 μάντιν,
289 1275 478 1344 Peculiarem,
491 1277 581 1334 Suum
595 1279 649 1334 sibi
662 1299 730 1354 pro-

166 1355 259 1429 prium
287 1354 468 1431 haruspicem
494 1357 664 1427 habuerunt,
687 1360 727 1418 ix.

166 1440 214 1492 38.
230 1454 258 1492 a.
275 1438 338 1491 Χῖοι
352 1436 397 1492 καί
410 1437 565 1512 ’Ἐρυθραῖοι
579 1437 649 1494 κατά
659 1437 730 1497 τοίο-

164 1512 194 1571 τδ
208 1511 398 1588 διαλέγονται,
410 1514 509 1593 Σάμιοι
519 1515 547 1574 δὲ
558 1515 601 1574 ἐπ’
611 1515 729 1590 iuvenis,

166 1595 318 1660 Peculium,
334 1597 396 1652 Sibi
415 1599 539 1674 propria,
555 1597 677 1657 Diversa
693 1602 729 1658 sb

164 1675 226 1732 aliis
231 1675 364 1732 Dialecto
373 1685 494 1734 utuntur
500 1679 598 1746 Samii,
605 1681 623 1736 i.
633 1685 698 1736 142.
700 1683 729 1757 s.

203 1755 312 1813 Eodem
323 1759 448 1832 pertinet
462 1757 560 1828 ίμουίίο
572 1760 730 1833 familiaris

165 1834 275 1903 Nostri,
294 1833 360 1892 Ἐπὶ
376 1834 477 1894 ἑωυτοῦ
489 1834 660 1910 βάλλεσθαι,
675 1841 728 1898 Se-

784 1035 905 1091 eumdem
919 1033 1053 1094 Nimirum
1067 1041 1219 1114 reperitur.
1237 1037 1346 1116 άπόγο-

784 1135 832 1178 νος
846 1112 946 1185 Λυδοῦ,
961 1114 1009 1172 ἀπ’
1029 1114 1091 1174 ὅτευ
1111 1115 1126 1174 ὁ
1147 1116 1232 1196 δῆμος
1246 1119 1347 1188 Λύδιος

782 1191 893 1264 ἐκλήθη,
910 1197 930 1252 1.
951 1197 978 1258 7.
994 1216 1028 1253 m.
1043 1198 1122 1254 nubta
1140 1198 1271 1258 librarum
1295 1221 1346 1260 οο-

783 1277 902 1332 riatione
921 1279 977 1333 nisi
995 1279 1069 1353 quod
1090 1276 1146 1334 α’τό
1159 1302 1214 1348 τευ,
1231 1299 1284 1356 pro
1297 1280 1347 1338 c’n'

782 1351 854 1422 ὅτευ,
860 1356 983 1414 scribunt
991 1357 1125 1415 nonnulli.
1137 1357 1186 1415 Sic
1194 1359 1347 1438 Ἀμμιίνιοι

783 1432 838 1491 derb
852 1433 928 1493 τοῦδέ
944 1447 991 1515 σφι
1004 1436 1056 1507 τήν
1073 1436 1233 1514 ἐπωνυμίην
1251 1439 1346 1510 ἐποιή-

783 1537 878 1581 σαντο,
895 1517 926 1574 ii.
950 1523 999 1576 42.
1024 1539 1059 1576 m.
1072 1521 1346 1595 pomeranensem

783 1595 871 1654 libris.
887 1595 915 1652 U
915 1597 943 1654 bi
953 1618 1024 1656 nunc
1033 1598 1079 1656 ε’τί
1089 1603 1136 1656 τοῦ
1146 1598 1243 1658 θάοου
1250 1599 1346 1660 τούτου

783 1673 814 1732 τύ
838 1673 944 1754 ούνομα
967 1675 1036 1756 ἔσχε
1059 1679 1168 1756 ίεμίίιιτ,
1183 1683 1221 1739 vi.
1245 1685 1295 1745 47.
1317 1703 1345 1740 a.

783 1756 882 1813 ibidem
888 1757 951 1814 oiim
962 1756 1017 1814 άπδ
1027 1764 1074 1816 τοῦ
1084 1763 1119 1817 θ.
1127 1761 1259 1818 edebatur
1266 1781 1346 1837 prce·

783 1837 910 1894 euntibus
920 1837 1051 1912 pluribus
1065 1837 1128 1895 MS
1130 1839 1198 1898 Stis.
1214 1839 1344 1918 Denique

164 1936 229 1974 cum
243 1915 314 1984 solo,
324 1917 459 1987 seorsim,
472 1919 516 1975 Re
530 1937 588 1976 non
599 1937 728 1978 commu·
781 1915 818 1971 iv.
826 1921 875 1973 45.
886 1913 948 1990 (ubi
951 1917 1019 1992 plus
1027 1922 1118 1976 sexies
1126 1923 1263 1996 repetitur
1271 1922 1343 1991 baec,

164 1998 258 2054 niente
271 2015 338 2054 cum
356 1997 428 2065 aliis,
447 1999 597 2056 consilium
614 2019 725 2076 capere.
782 1995 817 2051 de
831 2015 885 2071 qua
906 2001 1020 2072 opimus,
1039 1996 1179 2074 formula)
1199 2009 1345 2076 postquam

168 2075 236 2133 Vide
248 2095 338 2152 supra
351 2079 380 2134 in
391 2075 525 2146 Βάλλειν,
536 2099 611 2136 num.
624 2085 653 2138 3.
670 2079 729 2138 Sed
782 2078 855 2132 inter
867 2073 912 2132 ε’τί
929 2087 956 2134 et
976 2075 1033 2134 α’τδ
1049 2081 1228 2156 fluctuarent
1245 2083 1346 2158 scripti

162 2154 389 2234 προσκεψάμενος
397 2155 442 2214 ε’τὶ
451 2163 578 2229 σεωυτοῦ,
585 2161 631 2217 vii.
642 2165 688 2228 10,
697 2167 728 2220 4.
781 2155 857 2223 libii,
871 2157 910 2213 ad
923 2166 1071 2234 extremum
1090 2161 1120 2215 in
1140 2156 1196 2215 α’τύ
1209 2181 1255 2217 τευ
1271 2159 1343 2236 (αυί,

163 2239 234 2295 nude
244 2239 386 2314 sipnifleat
396 2239 505 2296 Tecum
518 2240 579 2315 ipse
593 2239 727 2298 delibera.
782 2237 855 2312 quod
874 2237 966 2294 eodem
984 2239 1067 2308 redit,
1082 2237 1129 2295 ἀπ’
1142 2237 1220 2315 ὅτευ)
1235 2243 1278 2297 καί
1292 2241 1326 2312 τη“
1330 2267 1346 2300 ν

203 2317 236 2390 6)
258 2317 351 2375 Porro
362 2322 564 2394 frequentatur
584 2318 647 2376 Ἐπί
667 2341 727 2378 oum
782 2313 1344 2395 s'rEcipbwepuniretcaeonsentiuntmno

166 2397 258 2456 Gemit.
275 2398 323 2456 ubi
340 2401 515 2475 sipnificotar
534 2401 619 2458 Unde
638 2398 726 2477 (ὅθεν,
781 2395 873 2454 Ατοίι.
886 2408 1008 2474 eccepto,
1021 2403 1069 2475 qai
1077 2400 1123 2456 bic
1136 2399 1177 2456 ἐπ’
1189 2398 1251 2458 ὅτευ
1260 2422 1344 2477 prce-

152 2480 208 2536 -oei
220 2476 262 2537 in'
276 2477 318 2548 οὸ,
335 2489 366 2537 ut
384 2483 424 2538 nit
443 2479 548 2538 Noster
561 2482 599 2539 iv.
615 2487 664 2539 45.
680 2481 727 2558 ο.)
774 2479 847 2552 sert,
863 2499 944 2555 quum
957 2488 1039 2536 antea
1053 2489 1210 2537 constanter
1223 2480 1279 2539 α’πὸ
1293 2504 1343 2541 en-

165 2560 249 2617 aiioui
262 2563 321 2617 sine
334 2563 379 2618 rei
391 2564 450 2617 sire
459 2581 594 2638 personae
613 2563 727 2620 Nomen
782 2557 936 2628 ύίῦίίῑίδθίῐ
959 2561 1059 2618 deinde
1070 2579 1134 2616 vm
1144 2561 1167 2617 ⁶3
1178 2561 1217 2638 psi
1228 2559 1284 2620 c’rb
1294 2569 1343 2635 τῆς

153 2641 279 2718 otiquod
297 2650 348 2699 sut
369 2642 537 2716 Cognomen
561 2643 648 2700 fuerit
671 2644 726 2700 im·
780 2639 880 2712 Τυρίης
894 2650 944 2696 etc.
960 2643 1091 2696 communi
1112 2659 1243 2699 consensu
1260 2661 1343 2718 prae-

165 2723 300 2797 positum.
310 2718 327 2790 ἡ
336 2719 431 2794 Λιβύη
439 2720 484 2778 iet
495 2718 604 2794 Λιβύης
612 2721 726 2796 λέγεται
773 2719 876 2792 serunt
888 2738 988 2778 omnes.

164 2799 725 2898 ἔχειντύούνομιι,γυναικύςαύτύχθονος·
822 2795 854 2872 7)
867 2797 927 2856 Pro
941 2819 982 2869 eo,
998 2801 1071 2876 quod
1091 2821 1187 2877 mapno
1209 2802 1342 2896 librorum

166 2907 181 2951 η
197 2880 225 2940 δὲ
239 2881 322 2952 Ἀσίη
335 2882 380 2940 ε’πί
394 2887 443 2952 τῆς
455 2881 611 2961 Προμηθέος
626 2907 725 2956 γυναι.
780 2897 910 2936 eonsensa
932 2899 959 2936 v.
981 2885 1030 2937 89.
1046 2900 1074 2936 ο.
1098 2881 1207 2956 tepitur,
1229 2881 1271 2938 en'
1289 2885 1342 2939 Λί-

165 2961 209 3029 nbc
227 2962 280 3032 τήν
298 2961 596 3042 ἐπωνυμίην-Λυδοί
609 2963 726 3041 φάμενοι
780 2956 1342 3036 punirerasparsisebas,ContraAEgine-

164 3042 208 3100 ε’τί
221 3042 321 3101 Ἀσίεω
335 3046 482 3114 κεκλῆσθαι
495 3042 548 3113 τήν
560 3046 670 3112 Ἀσίην,
686 3047 723 3103 iv.
780 3049 823 3096 tas
837 3039 979 3114 suscipere
998 3039 1219 3113 expeditionem,
1234 3041 1341 3098 codices

165 3131 210 3182 45.
222 3145 259 3182 m.
271 3122 286 3181 ὁ
297 3121 418 3201 ἄργυρος
427 3125 462 3182 ὃν
471 3121 487 3182 ὁ
497 3121 593 3197 Γύγης
603 3122 725 3193 α’νίθηκε,
779 3118 870 3176 Arcti.
887 3130 913 3176 et
932 3117 958 3174 V
954 3119 1012 3175 ind.
1028 3116 1069 3175 ἐπ’
1088 3119 1210 3190 Αίγίνης
1228 3124 1340 3214 praese·

165 3203 725 3279 ιιλιιιιικιγιίδις,ἐιιιοῡαἰαθέιτοι,
780 3208 866 3267 rumis
890 3219 970 3275 qnam
983 3202 1149 3274 scripturam
1165 3202 1341 3258 “satomo-

162 3283 333 3364 ἐπωνυμίην,
347 3287 367 3344 i.
383 3289 430 3343 14.
445 3289 474 3361 f.
490 3283 535 3342 ἐπὶ
549 3283 644 3342 τούτου
665 3285 727 3360 (τοῦ
779 3280 878 3336 mode''
893 3280 994 3336 babere
1006 3280 1148 3356 judicarit
1167 3279 1250 3336 Wess.
1265 3290 1292 3337 et
1312 3285 1341 3339 in

163 3363 726 3444 Τυρσῆνοῦ)τὴνἕτωνυμίηντοιευμένους
780 3369 933 3418 consertum
959 3364 1084 3437 recipere
1118 3379 1172 3418 mon
1206 3362 1342 3420 dubitavit

162 3445 355 3525 ὀνομασθῆναι
381 3444 549 3522 Τυρσηνούς,
576 3447 596 3503 i.
624 3451 672 3504 94.
694 3450 724 3521 s.
783 3439 892 3516 Scbaef·
915 3442 977 3517 Epo
999 3460 1073 3510 vero,
1095 3439 1137 3498 ἐπ’
1153 3443 1277 3515 Αίγίνην
1293 3453 1342 3500 aut

164 3525 313 3592 Πελειάδες
333 3552 381 3606 μοι
399 3525 507 3585 δοκοῦσι
525 3529 661 3596 κληθῆναι
680 3525 727 3583 ε’τί
779 3519 821 3578 s’n’
829 3526 934 3604 Αἰγίνη
939 3523 1031 3597 facite
1038 3521 1217 3596 probaturus,
1227 3521 1272 3579 ε’τί
1282 3543 1342 3580 cum

163 3607 249 3679 τοῦδε,
265 3607 332 3667 διότι
346 3619 400 3666 etc.
412 3610 442 3666 ii.
456 3613 504 3670 57.
520 3627 546 3664 a.
563 3607 663 3686 είμοτιι
676 3604 725 3684 pi-
776 3606 863 3678 penit.
885 3607 940 3660 isto
961 3606 1068 3659 notione
1081 3611 1262 3658 constructam
1276 3621 1341 3659 nas-

162 3691 238 3747 λανα
284 3685 543 3766 μεόυσι,ἑτίι1νκαί
557 3687 604 3752 τάς
620 3686 726 3746 inurun-
780 3703 861 3760 quam
882 3702 933 3740 neo
951 3683 1029 3758 apud
1049 3691 1178 3774 nostrum,
1196 3701 1247 3736 nec
1264 3683 1343 3776 apud

162 3773 230 3845 μίας
246 3793 354 3846 εχουσι,
373 3770 412 3826 iv.
432 3771 497 3830 107.
518 3767 564 3824 ini
583 3772 629 3825 τοῦ
647 3764 726 3833 ἔπεος
779 3765 864 3820 atium
877 3765 1048 3837 scriptorem,
1062 3779 1170 3816 memmi
1183 3779 1319 3832 reperire.

162 3848 260 3908 τούτου
273 3849 380 3928 ούνομα
398 3853 434 3926 τῷ
454 3852 585 3925 νεηνίσκῳ
604 3845 725 3922 ἐγένετο,
824 3843 865 3901 ΙΙ.
887 3843 948 3898 Ἐπὶ
972 3860 1031 3898 cmm
1055 3838 1160 3895 Datiao
1181 3857 1248 3895 casm
1275 3859 1340 3936 μου·

163 3931 200 3987 iv.
214 3934 284 3990 148.
291 3934 319 4006 f.
330 3929 376 3987 ἐπὶ
387 3927 482 3987 τούτου
496 3933 544 3986 τοῦ
557 3925 649 4005 οὔρεος
664 3927 726 4003 (τοῦ
780 3933 886 3981 structo
907 3923 985 3996 opud
1002 3918 1135 3976 Nostrum
1155 3920 1235 3975 bosco
1255 3937 1341 3997 sepas·

156 4007 331 4086 Ἄτλαντος)
342 4010 367 4068 oi
381 4007 523 4086 άνθρωπυι
535 4007 608 4066 ebron
619 4007 726 4065 ε’τιύνυ-
772 4007 878 4081 ficatms
892 4003 973 4059 babet
986 3999 1162 4056 notabiliores
1175 4018 1185 4056 .·
1267 4076 1274 4097 Ι

161 4115 208 4168 μοι
222 4090 364 4166 ἐγένοντο,
376 4089 523 4150 καλέονται
538 4086 727 4164 γάρ”Ατλαν-
823 4082 854 4157 1)
869 4082 904 4139 In
918 4083 985 4177 ioco,
1001 4080 1046 4136 vei
1060 4081 1161 4155 Super.
1174 4083 1343 4180 κληρουχριρς

161 4194 214 4238 τες,
237 4175 277 4230 ir.
302 4177 369 4230 184.
388 4174 420 4246 s
441 4174 552 4228 Νισαῖοι
579 4167 726 4226 καλέονται
780 4163 825 4222 ini
837 4165 871 4240 τῇ
883 4185 959 4240 χωρη
972 4165 1111 4228 λείπουσι,
1126 4180 1154 4217 v.
1170 4160 1219 4220 77.
1235 4179 1342 4258 τρχηως

162 4253 242 4310 ’ίτττοι
256 4251 302 4309 ε’ττί
316 4249 403 4320 τοῦδε,
414 4251 461 4308 vii.
473 4255 522 4308 40.
534 4269 569 4306 m.
581 4247 727 4307 ἐκαλέοντο
780 4269 809 4302 τε
844 4241 1044 4340 brienum-seui
1070 4238 1202 4334 ἐγένοντο
1235 4261 1280 4294 ετι
1306 4262 1342 4315 τμ

162 4331 317 4392 Ἀθάνατοι
334 4331 380 4390 iet
399 4328 486 4401 τοῦδε,
507 4332 554 4388 vii.
572 4335 620 4388 83.
636 4350 664 4386 a.
682 4328 727 4386 εἰτὶ
777 4325 931 4402 ἀκρωτηρίῳ
945 4345 992 4380 του
1006 4343 1107 4396 ουμεος,
1121 4320 1255 4416 vm’217.
1269 4337 1295 4414 a.

161 4411 258 4472 τούτου
269 4416 307 4491 τῷ
316 4410 398 4490 χιύρμ
408 4408 515 4490 ούνομο
530 4407 633 4484 γέγονε
646 4407 728 4488 Ἀφέ-
822 4405 858 4478 2)
873 4407 929 4472 Ad,
943 4403 1041 4479 Apud,
1055 4402 1152 4458 Juxta.
1162 4399 1342 4454 αποθονοντα

162 4519 216 4565 ται,
234 4494 283 4553 vii.
302 4497 369 4552 193.
379 4496 409 4567 f.
782 4483 887 4559 ἔθαψεν
907 4483 952 4542 ἐπί
972 4485 1034 4559 τῇσι
1057 4476 1162 4555 θύρῃσι,
1188 4475 1235 4533 Ad
1257 4476 1340 4542 fores,
