3158 5038
412 240 509 298 ΞΥΔ

189 370 283 447 gignit
303 370 445 440 fruticem,
465 387 550 444 quem
576 368 663 444 aliqui
686 386 752 443 goo-

189 452 303 527 sypium
316 460 427 520 vocant,
442 450 538 526 plures
552 449 648 525 xylon.

168 529 370 606 Ξυλουργέειν,
399 532 548 590 Fabricare
569 531 689 606 lignum,
712 529 752 586 iii.

167 613 502 771 ἐυὶίίέαςρῖύμμαχος,
512 702 538 749 et
546 688 622 760 Ξῦν,
631 709 666 748 eu
674 690 704 747 A
706 692 752 747 tti-

188 794 280 831 oorum
299 778 464 848 scriptorum
484 793 536 830 usu
550 771 641 829 babet
661 780 753 829 noster

1066 248 1090 301 0

806 365 930 450 λόγχῇαι
951 367 998 428 iio
1017 365 1118 448 ὁμοίως
1138 369 1268 448 χρύσεον,
1288 373 1306 430 i.
1322 378 1369 430 52.

787 448 927 514 ,Videtur
950 451 1068 528 proprie
1096 471 1154 510 erre
1181 453 1369 529 Adiectioum

806 531 993 590 subintellecto
1024 529 1201 590 Substantioo
1232 531 1294 609 δόρυ
1325 535 1370 592 vel

806 607 942 680 α’κόντιον,
962 613 1184 689 quemadmodum
1202 616 1280 692 opud
1296 635 1369 672 eum-

807 693 868 749 dem
881 691 1015 750 Nostrum
1032 691 1118 759 ξυστά
1139 691 1261 765 ἀκόντια,
1276 695 1306 752 11.
1321 697 1370 757 71.

807 783 879 830 extr.
890 784 954 832 sart
965 774 1058 831 Polita
1066 775 1171 851 jaculo,
1181 778 1199 832 i.
1209 795 1234 833 e.
1248 777 1371 834 Hostilia

190 856 250 912 ood.
276 854 310 912 F.
336 856 385 912 lib.
409 856 446 912 vi.
470 874 532 930 cap.
558 858 606 911 23.
631 852 678 909 ubi
701 852 753 909 olii
802 855 973 931 jaculorum.
1000 853 1069 912 Vide
1083 855 1122 912 ibi
1136 855 1206 913 Not.

190 936 334 1013 συμμίξας,
358 932 506 1013 σύμμαχος
526 943 552 992 et
577 930 629 990 eir
650 942 750 1003 teneat,

190 1036 270 1093 quom
282 1021 451 1091 scripturam
469 1035 528 1072 oum
542 1017 656 1073 ooeterie
671 1015 750 1070 oodd.

189 1097 258 1154 aiibi
270 1105 427 1155 constanter
443 1099 511 1172 fere
525 1093 702 1172 (praesertim
722 1098 751 1151 ia

188 1197 239 1235 ree
259 1179 403 1255 prioribus
425 1174 519 1252 libris)
533 1177 604 1234 idem
628 1175 688 1232 ood.
715 1174 749 1232 F.

1059 1101 1092 1154 Ο.

189 1262 321 1317 seruauit.
356 1258 531 1316 Adbaererat
564 1267 653 1314 tamea
688 1256 752 1312 oiim
785 1252 829 1324 Ὀ,
854 1253 881 1326 ἡ,
906 1254 947 1328 τὰ,
972 1277 1024 1316 τινα
1048 1258 1134 1316 solum
1152 1257 1300 1316 Articulus
1319 1267 1368 1326 ert,

189 1341 270 1398 editis
280 1349 306 1398 et
313 1340 443 1416 pluribus
454 1341 534 1396 etiam
543 1337 621 1394 libris
631 1335 753 1394 MSSm
806 1336 981 1409 Nominibus,
1017 1337 1183 1415 Portioipiis
1213 1348 1239 1395 et
1266 1337 1368 1413 Infim-

188 1418 339 1490 ξυνήνεικε,
345 1441 400 1497 pro
412 1417 562 1490 συνήνεικε,
574 1419 612 1476 vi.
627 1423 675 1476 23.
688 1437 714 1474 o.
726 1427 753 1476 et
807 1421 873 1476 tirio
897 1420 1040 1476 uerborum
1063 1419 1111 1476 obi
1132 1419 1294 1477 commodum
1319 1429 1368 1486 eet,

189 1502 236 1558 vii.
254 1504 320 1571 117.
337 1522 364 1559 o.
380 1521 458 1578 quem
471 1501 509 1558 od
517 1501 699 1576 posteriorem
711 1498 752 1555 ίο-
803 1502 997 1576 praepositum
1020 1501 1070 1558 red
1083 1500 1161 1576 apud
1174 1497 1318 1567 Nostrum,
1334 1519 1369 1556 ex

190 1601 250 1638 oum
265 1584 294 1640 ia
313 1581 378 1639 Var.
394 1580 473 1640 Lem.
495 1582 630 1638 adnotare
652 1578 753 1636 debue-
808 1580 898 1638 Ioaioi
911 1581 1048 1638 idiomatis
1059 1583 1174 1650 ratione,
1187 1583 1274 1638 aoriio
1288 1584 1369 1639 etiam

189 1683 270 1721 rom:
295 1660 466 1732 “ivriacum
489 1663 552 1719 oiim
577 1661 639 1717 edd.
662 1664 751 1718 etsie

189 1741 261 1801 MS.
276 1743 309 1800 F.
326 1763 381 1819 pro
403 1763 455 1820 quo
477 1740 616 1812 συνήνεικε
631 1761 666 1798 ee
680 1739 752 1798 MS.

189 1823 263 1882 Ast.
282 1827 404 1882 restituit
430 1823 515 1882 Wess.
538 1821 635 1880 Etiam
657 1823 677 1880 i.
703 1825 752 1890 32,

190 1910 239 1962 21.
253 1925 306 1980 pro
323 1901 446 1982 συμφορή
457 1906 618 1981 praeseruat
631 1899 753 1979 ξυμφορὴ

189 1985 285 2044 MSS.
301 1983 342 2044 F.
352 1986 405 2044 Po.
422 1985 474 2042 Po.
487 1995 512 2042 ei
523 1981 688 2060 ξύμπαντες,
702 1983 751 2041 vii.

190 2072 239 2126 53.
259 2069 385 2124 m.‘idem
400 2067 458 2124 eod.
481 2064 516 2122 F.
533 2067 580 2141 qui
602 2074 629 2121 et
647 2065 752 2121 similia

189 2149 249 2206 olio
258 2152 365 2224 possim
380 2147 469 2214 taber,
482 2148 644 2221 praesertim
659 2147 688 2202 iu
704 2145 752 2202 lib.

191 2230 238 2288 vii.
262 2238 293 2287 et
315 2249 394 2305 seqq.
419 2229 524 2286 Citaoit
546 2229 627 2284 etiam
649 2226 753 2283 alieubi

189 2309 353 2368 Laroheruo
377 2330 412 2368 ee
435 2309 539 2368 duobus
557 2308 637 2364 oodd.
653 2305 749 2364 Poris.

190 2386 752 2469 Eupreoeivprouulpatoooprreoeir.Sed

190 2473 253 2531 baeo
267 2474 337 2530 tolio
350 2474 428 2548 apud
441 2471 576 2529 Nostrum
591 2471 708 2546 quidem,
723 2480 753 2525 ut

185 2575 319 2630 perraro,
333 2557 374 2611 oio
393 2562 521 2629 suspecto
541 2554 644 2627 utique,
658 2569 752 2626 quam-

169 2699 171 2703 ,
191 2638 232 2692 oia
253 2636 331 2711 apud
343 2633 496 2692 Homerum
513 2635 620 2709 possim
634 2627 684 2697 iio
697 2650 752 2706 pro

190 2713 242 2773 riv
264 2725 401 2786 occurret,
417 2716 585 2790 doceantque
606 2711 752 2769 Gramma-

189 2799 247 2867 iioi,
262 2801 291 2855 iu
305 2799 349 2853 bit
364 2796 478 2860 Suida8‚
493 2813 557 2852 uoce
571 2790 752 2870 Ξυμπάθεια,

190 2897 268 2935 usum
292 2878 385 2935 iiterce
406 2878 421 2943 ξ
440 2896 496 2952 ρνο
521 2898 539 2931 σ
560 2873 672 2932 Ionibus
694 2893 754 2930 oum

189 2959 293 3016 Atticis
307 2979 365 3016 esse
378 2976 549 3016 communem.

169 3039 275 3110 Ξυνὸς,
289 3037 316 3110 ἡ,
330 3037 373 3108 ὃν,
388 3043 408 3097 1.
423 3060 450 3116 q.
465 3033 564 3105 κοινὸς,
574 3035 752 3092 Communis.

189 3119 269 3187 ξυνὸς
294 3118 440 3190 ’Ἑλλήνων
467 3143 496 3176 τε
523 3118 568 3175 καὶ
595 3112 753 3191 βαρβάρων

189 3200 286 3277 λόγος,
313 3203 350 3258 iv.
381 3206 427 3259 12.
457 3210 529 3258 extr.
559 3195 642 3264 ξυνὸν
674 3198 752 3253 τοῦτο

188 3287 259 3340 πᾶσι
273 3280 394 3356 ἀγαθὸν,
409 3281 457 3341 vii.
473 3285 520 3340 53.
535 3299 570 3336 m.

169 3361 298 3440 Ξυρέειν,
321 3362 396 3440 (Iao.
421 3382 476 3440 pro
503 3355 600 3436 ξυρᾷν)
628 3358 751 3426 Radere,

189 3446 331 3504 Tondere.
347 3441 488 3522 ξυρὲονται
502 3439 552 3506 τᾶς
565 3439 676 3518 ὀφρύας,
692 3440 751 3496 Ra-

189 3527 262 3584 dunt
281 3528 335 3586 sibi
356 3524 561 3602 εαρο1ο1111,11.
585 3526 634 3580 66.
653 3524 681 3596 f.
706 3521 752 3587 ξυ·

187 3610 297 3684 ροῦντες
311 3609 366 3664 τῶν
381 3603 498 3663 παιδίων
511 3600 563 3674 τήν
576 3598 708 3680 κεφαλήν,
720 3603 751 3658 11.

189 3692 237 3746 65.
257 3690 286 3763 f.
312 3688 460 3764 Ευρεῦνται,
483 3689 529 3744 oui
548 3685 695 3760 opponitur
709 3704 751 3739 κο·

188 3767 295 3846 ρέουσι,
320 3771 350 3826 11.
375 3772 422 3826 36.
443 3787 471 3825 o.
493 3761 659 3842 ἐξυρημένοι,
683 3763 751 3820 ibid.

184 3851 272 3926 pauli)
282 3859 356 3926 poet.
371 3849 511 3924 ξυρεῦνται
529 3849 599 3914 πᾶν1
610 3839 640 3901 ri
661 3846 752 3920 σῶμα,

188 3933 217 3988 11.
233 3932 281 3994 37.
297 3952 325 3988 o.
340 3925 498 4005 ξυρήσαντά
517 3950 566 4005 ριν
580 3922 630 3990 τὰς
643 3929 752 4000 τρίχας,

188 4009 344 4070 κατιδέσθαι
356 4009 385 4076 ἐς
399 4007 450 4079 τήν
463 4006 595 4086 κεφαλήν,
609 4026 637 4064 v.
654 4009 703 4064 35.
716 4025 751 4061 m.

182 4096 211 4168 s.
224 4093 310 4150 Adde
323 4088 506 4167 Ἀποξυρέιιν.

167 4171 274 4248 aopi,
285 4177 326 4244 οὔ,
338 4169 378 4243 ri,
388 4175 446 4230 οἱον
454 4169 470 4230 ὁ
478 4165 581 4246 Euporie,
593 4169 750 4227 Novacula.

187 4254 233 4314 ἐπὶ
241 4255 320 4332 ξυροῦ
329 4251 419 4331 α’κρῆς
429 4249 524 4332 ἔχεται
534 4251 602 4328 ἡμῖν
613 4248 648 4307 rei
659 4247 751 4326 πρήγ-

187 4359 273 4414 ματα,
295 4337 332 4394 vi.
364 4340 410 4393 ll.
439 4355 467 4392 a.
495 4333 576 4410 Cous.
600 4330 686 4389 Iliad.
713 4334 750 4388 K.

168 4495 292 4570 Ευστὸν,
314 4493 355 4568 ri,
380 4497 502 4556 Hastile.
528 4489 558 4553 ri
575 4488 672 4562 ξυστὸν
689 4495 751 4570 τῇσι

808 1661 873 1718 odiis
887 1661 974 1719 modis
988 1670 1153 1738 usurpatur.
1176 1660 1290 1719 Scilicet

852 1739 881 1816 1)
895 1739 920 1812 ὁ,
935 1740 962 1812 ἡ,
977 1739 1017 1812 ri,
1032 1745 1163 1800 captiuis
1180 1742 1305 1812 Caribus,
1316 1761 1369 1800 aaa

805 1823 894 1879 roiam
915 1826 945 1879 io
966 1824 1153 1899 ouipatireima
1167 1823 1218 1880 ilio
1240 1832 1266 1879 et
1288 1822 1370 1880 Groe-

808 1905 847 1959 oie
861 1903 982 1961 omuibus
995 1908 1098 1962 usitato
1104 1903 1239 1979 formula,
1251 1900 1371 1979 ὁμὲν-

805 1980 821 2039 ὁ
844 1981 883 2052 δὲ,
907 1985 958 2040 sed
980 1994 1006 2042 et
1027 1985 1100 2040 aiios
1122 1987 1288 2059 frequenter
1311 2002 1366 2057 pro

807 2061 885 2130 mirac
910 2065 955 2122 ael
974 2063 1090 2134 ἐκεῖνος,
1111 2061 1180 2132 αὕτη
1204 2063 1249 2120 uei
1268 2061 1369 2133 ἐκείνη,

807 2149 885 2202 τοῦτο
900 2146 944 2202 vei
956 2143 1044 2204 ἐκεῖνο
1059 2153 1211 2220 ponuntur.
1226 2140 1241 2200 ὁ
1256 2141 1284 2200 δὲ
1299 2140 1369 2214 εἷπε,

808 2227 884 2284 Tum
897 2227 945 2284 ille
959 2227 1008 2295 ait,
1022 2227 1042 2282 i.
1059 2230 1107 2282 32.
1124 2246 1151 2282 a.
1164 2222 1179 2281 ὁ
1190 2222 1217 2281 δὲ
1227 2222 1369 2301 ἀμείβετο,

805 2309 826 2364 1.
843 2313 892 2366 35.
906 2327 942 2364 m.
957 2305 1006 2364 Sio
1018 2310 1046 2364 ia
1057 2305 1139 2364 Piur.
1150 2304 1175 2362 oi
1185 2303 1223 2374 δὲ,
1231 2326 1286 2382 ρτο
1296 2303 1370 2364 οὗτοι

808 2388 852 2444 aei
864 2387 962 2444 inceium
977 2385 1112 2462 6616116
1121 2396 1186 2464 poet
1200 2389 1245 2444 καὶ
1255 2397 1370 2446 ooo'eutu

807 2477 918 2526 aototur
926 2467 962 2538 οἳ,
973 2478 1134 2544 tomqaoma
1144 2470 1211 2544 simp.
1226 2468 1266 2537 ὃς,
1279 2489 1369 2544 quem·

808 2550 952 2606 admodum
975 2548 1066 2606 Attici
1094 2549 1220 2606 dicebaut
1241 2543 1258 2619 ἦ
1283 2547 1305 2606 δ’
1328 2547 1369 2614 ὅς.

809 2629 868 2700 Sic,
883 2632 928 2687 καὶ
941 2625 1155 2704 οἳ-ἕσέβαινον
1174 2627 1203 2694 ἐς
1222 2627 1272 2695 τᾶς
1290 2635 1369 2700 νῆας,

807 2713 867 2768 viii.
891 2715 939 2770 56.
966 2711 992 2768 b.
1018 2713 1091 2786 eoas.
1119 2711 1178 2768 viii.
1203 2716 1253 2768 83.
1279 2731 1305 2768 o.
1326 2711 1368 2768 N.

809 2790 868 2850 Sed
876 2802 901 2848 et
910 2795 940 2849 ia
949 2790 1030 2850 Piur.
1044 2790 1222 2848 Nomiaotiao
1230 2793 1373 2868 reperitur

807 2875 848 2930 τοὶ
853 2893 908 2948 pro
913 2867 986 2929 miror
993 2875 1112 2950 paritum
1122 2893 1131 2930 .’
1147 2873 1187 2929 roi
1197 2868 1252 2948 γάρ
1263 2868 1370 2946 ἄνδρες,

807 2955 930 3022 111168,
948 2957 973 3010 1.
989 2973 1022 3010 m.
1044 2953 1115 3010 idem
1134 2953 1229 3009 volem
1247 2973 1280 3009 ao
1294 2951 1368 3011 οὗτοι

806 3033 833 3092 oi
846 3031 953 3110 ἄνδρες,
968 3036 993 3090 oi
1005 3034 1082 3090 modo
1093 3052 1161 3090 vera
1171 3033 1210 3090 ibi
1220 3037 1274 3090 ista
1282 3037 1372 3110 serip-

807 3125 880 3185 taro,
895 3116 998 3190 dequo
1017 3114 1080 3171 aide
1098 3112 1163 3171 Vor.
1178 3112 1257 3172 Leet.
1277 3113 1369 3184 Certo,

804 3215 862 3273 pro
876 3195 917 3252 roi
930 3192 1119 3273 Βαβυλώνιοι,
1134 3195 1238 3270 quodi.
1256 3198 1323 3252 186.
1338 3197 1368 3272 s.

808 3278 909 3334 editum
934 3285 1005 3341 erat,
1029 3295 1063 3332 eu
1080 3277 1229 3352 frequenti
1255 3278 1369 3350 optimo-

806 3377 868 3416 rum
882 3357 1002 3415 oodioum
1011 3376 1142 3414 ooaoeasu
1156 3355 1181 3413 oi
1196 3351 1271 3430 Βαβ.
1287 3360 1370 3414 resti·

808 3439 936 3498 tuendum
953 3440 1062 3496 auctori
1072 3437 1203 3514 judicavi
1214 3434 1239 3512 :)
1272 3434 1320 3496 τὸν
1342 3435 1370 3494 δὲ

806 3517 911 3597 (Hune
924 3516 1006 3594 vero)
1026 3521 1183 3587 λίσσεσθαι,
1194 3519 1222 3584 ,1.
1239 3523 1286 3575 24.
1301 3539 1328 3576 a.
1345 3529 1371 3576 et

806 3599 856 3658 τὸν
870 3597 1097 3667 δὲ-διεξελθεῖν,
1113 3599 1201 3675 paulo
1219 3607 1284 3674 post
1301 3599 1371 3656 ibid.

806 3679 900 3756 λέγων
912 3677 949 3746 ὥς
960 3678 1009 3739 τὸν
1019 3679 1053 3752 (ν’.
1069 3698 1093 3736 e.
1106 3682 1203 3736 τοῦτον
1214 3679 1258 3735 vei
1269 3676 1371 3754 ου’τδν)

805 3761 896 3827 ὄὶστός
909 3758 1046 3838 περιέφερε
1062 3779 1097 3815 σοι
1111 3759 1215 3816 emend.
1234 3757 1317 3816 Wess.
1327 3761 1367 3816 iv.

808 3847 856 3901 36.
873 3863 900 3900 a.
916 3838 981 3905 τούς
995 3837 1033 3908 δὲ,
1049 3841 1111 3897 Hos
1125 3859 1203 3909 vero,
1217 3841 1237 3896 i.
1255 3844 1284 3896 2.
1293 3842 1322 3915 s.
1339 3845 1368 3898 3.

807 3923 832 3980 b.
848 3928 897 3980 24.
913 3942 940 3979 a.
958 3920 1008 3978 Sic
1022 3920 1066 3978 roi
1079 3915 1152 3987 rotie,
1174 3921 1193 3976 i.
1210 3924 1257 3978 86.
1272 3941 1307 3977 m.
1323 3925 1370 3978 τοῦ

806 4001 841 4080 (i.
857 4024 883 4080 q.
897 3998 1006 4069 τούτου)
1016 3999 1135 4079 αἵματος
1144 3999 1262 4075 ἐμπίνει,
1275 4001 1373 4079 Hujus

807 4086 975 4161 sanguinem
990 4080 1126 4159 (proprie
1146 4083 1242 4160 Hujus
1256 4083 1292 4140 de
1306 4103 1370 4140 san-

806 4161 908 4242 guine)
925 4164 1007 4233 bibit,
1029 4165 1068 4222 iv.
1088 4167 1138 4222 64.
1161 4184 1188 4222 a.
1211 4165 1258 4222 τοῦ
1279 4161 1371 4221 εἵνεκα

807 4243 918 4324 (Hujus
936 4245 979 4302 rei
998 4240 1194 4320 eausa)—iro,
1209 4245 1251 4302 iii.
1270 4249 1319 4303 46.
1342 4245 1368 4302 b.

806 4329 853 4387 roi
866 4322 1050 4396 εἵνεκα-ὅτι,
1064 4325 1122 4384 viii.
1138 4331 1186 4384 85.
1202 4329 1232 4402 s.
1252 4323 1295 4383 Et
1305 4323 1370 4382 sub·

806 4409 946 4468 iuteiieoto
954 4403 996 4466 ὅτι
1000 4405 1154 4484 porticulo,
1164 4409 1221 4463 τῶν
1229 4402 1259 4462 δὲ
1266 4404 1367 4464 εἵνεκα.

848 4487 881 4567 2)
899 4487 924 4560 ὁ,
947 4498 973 4546 et
994 4487 1077 4546 Piur.
1092 4484 1127 4554 oi,
1142 4491 1206 4545 ante
1227 4481 1256 4542 δὲ
1277 4494 1304 4544 et
1324 4509 1368 4560 γε,
