3174 5040
468 263 550 318 EIII

239 415 297 473 μας
310 389 405 458 πόσας
417 389 580 469 ἐπέδραμον,
591 390 649 448 viii·
664 393 713 448 23.
730 399 801 446 extr.

241 473 294 545 τῆν
305 473 400 551 χώρην
408 475 506 530 πᾶσαν
514 469 678 548 ἐπέδραμον,
687 471 744 528 viii.
753 475 801 528 32.

241 557 268 612 ln.
284 553 421 632 ἐπέδραμε
435 551 531 610 πεδίον
545 555 604 608 πᾶν
619 561 754 628 tamqnam
768 570 803 608 ex

243 637 291 694 lib.
303 637 323 693 i.
337 637 433 692 citarit
443 633 486 690 H.
496 633 593 708 Stepln.
610 632 690 708 Cons.
705 631 801 688 Lecic.

241 714 342 793 Polyb.
369 735 427 772 voc.
453 710 634 790 Ἐπιτρέχειν.
672 709 705 788 2)
736 713 804 768 Cum

240 795 357 866 Dotion,
374 796 544 862 Adcurrere‚
566 803 592 851 et
609 795 803 868 metaphorice,

242 878 365 946 inhiare,
383 877 493 952 Cupide
514 875 647 950 arripere.
667 870 725 931 ούτι
743 873 804 930 ἐπι-

242 954 362 1034 δραμών,
378 953 473 1012 πάντα
492 953 527 1013 τό
547 951 676 1031 διδόμενα
690 951 802 1024 ἐδέκετο,

241 1039 281 1094 iii.
299 1043 365 1096 135.
375 1040 404 1113 s.
416 1035 458 1093 N.
470 1036 518 1093 uli
528 1037 693 1093 constructio
706 1035 803 1092 verlo-

241 1137 301 1175 rum
329 1118 358 1174 in
382 1119 455 1174 lunc
481 1117 588 1173 modurn
614 1115 803 1190 intellipeniln,

1085 262 1172 317 ΕΠΙ

857 387 883 445 oi
905 386 1038 465 νεώτεροι,
1053 390 1084 448 ii.
1101 394 1147 447 80.
1167 387 1246 447 Hinc
1259 385 1319 467 ἅμα
1333 385 1421 468 η’μέρη

856 473 889 551 τῇ
903 468 1027 550 ἐπιούσῃ,
1040 471 1176 528 Proximo
1190 471 1236 528 die
1250 469 1422 546 (Postridie)

856 551 950 627 prims
969 551 1043 621 luce,
1065 551 1105 608 ix.
1128 555 1178 608 42.
1193 555 1221 627 s.
1264 548 1296 626 3)
1319 551 1419 620 Obire,

858 631 1038 699 Percurrere,
1049 633 1159 688 Passim
1168 633 1209 689 ire
1217 634 1422 708 perrepionern.

857 709 981 769 ἐσίνοντο
1005 710 1129 776 ἐπιόντες
1156 711 1264 789 χώρους
1286 716 1335 780 τῆς
1356 709 1422 768 Ἀτ-

857 795 941 861 τικης,
963 791 1008 868 (id
1021 803 1070 860 est,
1084 791 1209 850 ἐσίνοντο
1223 790 1284 856 τούς
1304 789 1421 868 χοίρους,

857 870 981 938 ἐπιόντες
989 870 1103 942 αύτούς)
1113 893 1139 930 ν.
1149 874 1196 935 74.
1200 875 1230 948 s
1237 872 1273 930 H
1271 892 1304 929 ac
1313 875 1423 932 notione

858 974 893 1010 coc
906 951 1020 1011 Reislrii
1030 955 1188 1030 conjecturo
1197 956 1236 1011 ix.
1247 957 1296 1011 95.
1310 956 1424 1010 correxi

856 1030 943 1090 ἐπιόν
956 1031 1007 1104 τῆν
1019 1031 1155 1101 Ἐλλάδα,
1165 1053 1221 1110 pro
1232 1053 1263 1090 eo
1274 1035 1347 1110 qnod
1361 1043 1424 1090 erat

857 1113 902 1171 ἐπὶ
917 1115 968 1184 τῆν
981 1112 1118 1184 Ἑλλάδα,
1130 1115 1203 1192 quod
1216 1115 1324 1191 quidem
1332 1117 1423 1189 ipsum

241 1196 344 1256 ἐδέκετο
372 1196 466 1254 πάντα
493 1194 528 1253 roi
555 1192 694 1273 διδόμενα,
719 1193 752 1253 ού
777 1219 803 1253 τι
850 1198 985 1271 sortasse,
1002 1197 1119 1253 eumdem
1141 1198 1170 1252 in
1189 1197 1359 1264 sententium,
1380 1204 1423 1251 te-

191 1341 192 1345 ,
239 1276 398 1356 ἐπιδραμών
412 1277 513 1341 αὐτοῖς.
857 1278 920 1332 neri
930 1276 1071 1345 debuerat,
1083 1285 1114 1333 ut
1126 1295 1213 1352 supro
1224 1277 1274 1332 snb
1285 1273 1421 1350 Proepos.

220 1357 364 1429 Ἐπιεικῆς,
376 1356 428 1425 εὐς,
439 1357 465 1428 o',
474 1355 501 1428 ἡ,
512 1359 546 1415 ile
556 1356 685 1425 Homine,
696 1355 803 1414 Probe·
856 1354 900 1412 ἐπὶ
914 1377 973 1414 cum
987 1357 1090 1414 Ancus.
1103 1377 1176 1414 nom.
1194 1362 1223 1412 4.
1238 1359 1338 1413 monui.

240 1442 314 1510 bilis,
340 1441 415 1496 Satis
439 1440 568 1496 idoneus.
594 1443 671 1501 παῖς.
693 1433 727 1493 τό
749 1434 804 1512 μὲν
834 1434 968 1502 Ἐπιέναι,
984 1435 1057 1512 (lon.
1075 1457 1130 1513 pro
1149 1435 1289 1514 Ἐφιέναι)
1303 1434 1423 1512 οόῖημι,

232 1519 319 1577 Ιἄλλα
330 1519 459 1588 ἐπιεικῆς,
467 1516 577 1596 ἄφωνος
585 1515 622 1586 δέ,
634 1517 654 1574 i.
663 1522 711 1574 85.
722 1536 748 1573 o.
756 1515 804 1574 ubi
861 1514 892 1592 1)
908 1519 1078 1588 Immittere,
1095 1519 1212 1574 Mittere
1227 1524 1334 1574 contra.
1350 1515 1423 1592 ὕδωρ

245 1601 337 1670 Vallo,
366 1601 478 1658 Habilis
513 1600 549 1656 ad
582 1606 706 1666 caetera3
743 1617 802 1667 nos,

240 1682 356 1738 Caetera
376 1681 493 1756 quidem
511 1699 569 1736 non
588 1679 712 1753 ineptus.
756 1677 803 1735 De

239 1760 294 1830 Re,
306 1762 337 1818 τὸ
350 1759 461 1838 με’τριον
475 1762 519 1816 καὶ
532 1762 624 1823 καλῶς
637 1756 706 1835 Ιε’χον
719 1757 803 1814 Ionas

239 1839 458 1899 Ἐτιεικὲστυτον
472 1842 575 1909 dicere,
590 1842 630 1896 nit
651 1839 804 1915 Greporius

242 1922 321 1980 Diol.
338 1923 397 1980 Ion.
418 1931 484 1979 sect.
504 1925 570 1978 116.
594 1923 640 1977 cui
658 1923 803 1994 proeioere

243 2004 354 2061 Glossae
368 2002 541 2060 Herodoteae
556 2021 590 2058 ex
610 2001 681 2058 libro
695 2000 725 2057 ii.
742 1998 759 2069 η’
774 1996 802 2056 δὲ

238 2088 314 2160 τρίτη
327 2087 383 2141 τῶν
395 2081 474 2150 ὁδῶν,
490 2086 531 2139 alt
545 2080 650 2138 Noster
663 2082 694 2137 ii.
711 2085 759 2136 22.
775 2101 802 2137 o.

239 2165 354 2238 (Tertia
371 2165 484 2220 illarum
503 2163 623 2230 viarum,
642 2161 740 2237 quibus
752 2181 802 2218 ro-

239 2248 338 2302 tionem
351 2245 470 2301 reddere
489 2243 583 2299 colunt
596 2244 734 2318 ouprnenti
751 2261 801 2298 an-

238 2327 289 2382 nui
299 2323 379 2396 Nili)
389 2319 496 2380 πολλόν
508 2319 693 2390 ἐπιεικεστάτη
707 2321 801 2392 ἐοῦσα,

238 2402 364 2482 μάλιστα
377 2400 531 2477 illeverunt:
559 2402 614 2460 Ubi
632 2401 737 2458 Valla:
761 2403 804 2460 Ut

239 2485 330 2542 multo
351 2484 567 2552 modestissima,
588 2483 629 2540 itn
647 2484 731 2558 longe
749 2484 802 2540 isl-

238 2566 349 2622 sissima
375 2573 437 2629 est;
469 2582 527 2633 nos,
553 2565 651 2625 Quum
678 2565 817 2620 maxime.

239 2647 367 2721 speciosa
388 2646 433 2710 sit,
455 2645 611 2720 plurimum
632 2663 649 2700 a
668 2663 736 2701 vero
753 2646 802 2700 ab·

239 2734 325 2784 errat.
341 2727 442 2782 πολλοὶ
455 2727 511 2781 τῶν
523 2724 634 2781 δικαίων
643 2721 679 2781 τό
688 2722 802 2781 ἐπιεικέ-

856 1594 957 1673 θερμδν
977 1596 1084 1667 ἐπῆκαν
1107 1597 1151 1655 ἐπὶ
1172 1595 1224 1667 τῆν
1242 1595 1349 1667 ἔσοδον,
1371 1599 1421 1654 vii.

858 1680 925 1740 176.
942 1681 971 1754 f.
994 1677 1100 1748 ἐπῆκαν
1120 1682 1156 1756 τῷ
1178 1675 1350 1755 στρατοπέδῳ
1369 1675 1423 1746 τῆν

856 1756 953 1828 ἵππον,
969 1779 994 1815 v.
1009 1763 1058 1816 63.
1068 1763 1096 1834 s.
1113 1757 1194 1828 ἐπῆκε
1209 1757 1260 1828 τῆν
1274 1756 1361 1814 ἵππον
1374 1756 1421 1816 ἐπὶ

856 1836 1081 1909 τούςἜλληνας,
1094 1841 1134 1897 ix.
1145 1843 1194 1897 49.
1207 1859 1235 1897 a.
1252 1840 1284 1914 2)
1297 1839 1423 1895 Permit-

855 1925 926 1988 tere,
942 1920 1116 1988 Consedere,
1134 1921 1246 1977 Sinere.
1268 1917 1332 1988 οὐδ’,
1353 1915 1423 1988 ῆνὸ

856 1997 1423 2078 Λόκωνέπίητοιᾶρχειν,ἡμεῖςἐπήσομεν,

856 2081 905 2137 vii.
924 2085 990 2140 161.
1006 2099 1040 2138 m.
1057 2085 1086 2156 s.
1107 2078 1190 2137 ου’δέν
1210 2078 1333 2144 ἐπιόντες
1355 2081 1421 2136 olim

857 2161 921 2218 edd.
936 2162 983 2220 vii.
996 2165 1063 2218 162.
1077 2181 1104 2218 ο.
1110 2181 1166 2237 pro
1175 2175 1226 2238 qno
1237 2163 1339 2218 rectius
1349 2180 1423 2217 nunc

856 2238 992 2306 ύπιέντες.
1003 2242 1028 2297 ei
1038 2266 1079 2306 τις
1088 2240 1166 2310 ἐπείη
1178 2253 1225 2319 σφι
1235 2238 1361 2298 ἐπέλκειν
1371 2241 1424 2306 τός

856 2318 964 2398 μακρός
977 2319 1070 2396 ούριές,
1081 2324 1122 2379 iii.
1137 2327 1204 2380 113.
1215 2342 1242 2380 a.
1264 2321 1296 2396 3)
1305 2322 1423 2379 Admit-

857 2413 916 2460 tere
925 2421 1027 2460 rnorem
1028 2401 1261 2478 seminaee'rnetoc
1269 2398 1424 2466 τούςὸνους

857 2491 919 2548 ταῖς
938 2481 1043 2553 ἵπποις,
1063 2485 1100 2540 iv.
1123 2488 1172 2541 30.
1189 2486 1218 2559 f.
1241 2482 1300 2540 Pro
1314 2502 1366 2559 quo
1382 2493 1424 2539 est

857 2563 956 2620 locutio
966 2564 1085 2640 plenior,
1097 2565 1147 2620 secl
1155 2565 1266 2621 diverso
1277 2564 1423 2621 verborum

858 2648 1022 2701 constructio
1043 2646 1085 2702 iii.
1109 2649 1156 2702 85.
1173 2648 1202 2720 s.
1225 2645 1274 2701 ubi
1298 2643 1422 2701 OElares

856 2722 938 2793 ἐπῆκε
952 2722 1061 2822 (ηεηρο
1075 2727 1113 2802 τῷ
1126 2728 1174 2781 τοῦ
1193 2729 1311 2802 Δαρείου
1329 2721 1421 2802 irrep)

241 2829 323 2881 στερα
337 2803 505 2882 πρατιθέασι,
526 2805 613 2863 Multi
631 2813 804 2881 praeponunt
857 2803 975 2881 ὀχεῦσαι
989 2829 1040 2873 την
1054 2803 1151 2862 ἰ’ππον.

234 2887 405 2964 justioribus
444 2887 572 2961 aequiora
609 2887 799 2961 lenioraque3
836 2883 1042 2955 Ἐιτιέννυσθαι,
1056 2887 1153 2944 Indui.
1166 2882 1276 2963 χαλκόν
1286 2881 1422 2954 ἐπιέσται,

239 2969 369 3043 AEquum
401 2976 431 3026 et
462 2968 570 3024 bonum
601 2986 713 3023 summo
742 2967 803 3042 juri
857 2968 916 3022 sive
929 2964 1061 3032 interrae,
1073 2967 1179 3024 Induta
1193 2975 1238 3024 est
1252 2985 1310 3032 ωας
1327 2966 1422 3041 Oper-

239 3049 405 3124 praeferunt.
467 3046 540 3104 Usus
568 3047 649 3123 liujus
677 3047 804 3104 vocabuli
857 3047 922 3103 culo
936 3065 1018 3103 aeneo
1036 3055 1111 3104 tecta
1129 3055 1181 3116 est,
1196 3048 1216 3104 i.
1236 3048 1286 3108 47.
1303 3056 1376 3103 extr.
1391 3049 1422 3102 in

240 3130 382 3204 complura
407 3149 441 3186 en
465 3131 555 3185 coriis
574 3128 732 3184 unctoribus
754 3146 801 3183 ec·
863 3125 995 3184 Oroculo.
1015 3125 1082 3183 Vide
1100 3125 1167 3184 Vnr.
1185 3126 1262 3184 Lect.
1278 3136 1304 3184 et
1317 3125 1388 3183 Not.

240 3210 330 3284 empln
344 3209 452 3286 collepit
466 3209 551 3266 Koen.
564 3209 603 3265 orl
613 3207 730 3284 (ἕτερον.
742 3207 761 3262 l.
776 3227 800 3264 c.
836 3205 983 3276 Ἐπιζέειν,
998 3207 1202 3266 Effervescere.
1214 3204 1365 3264 όκούσοντί
1374 3229 1423 3282 μοι

217 3285 381 3357 Ἐπιεικέως,
397 3290 520 3358 Modiee,
542 3291 588 3345 Sic
603 3289 680 3344 satis.
700 3285 716 3357 ἦ
737 3287 803 3362 ῥίζα
857 3289 906 3356 τῆς
929 3284 1106 3364 Ἀρταβάνου
1128 3286 1243 3365 γνώμης
1265 3291 1424 3364 παραυτίκα

235 3369 283 3425 τοῦ
302 3372 392 3425 λωτοῦ
404 3366 559 3442 ἐγγλύσσει
572 3366 719 3437 ἐπιεικέως,
736 3369 802 3426 Mo·
857 3364 910 3444 μέν
924 3365 941 3438 ἡ
957 3365 1053 3435 νεότης
1067 3365 1189 3436 ἐπέζεσε,
1204 3369 1253 3425 vii.
1272 3373 1317 3425 13.
1333 3387 1368 3424 m.

240 3449 302 3505 dice
317 3448 407 3504 dulcis
421 3458 473 3514 est,
487 3450 517 3504 ii.
531 3453 580 3505 92.
593 3468 627 3505 οε.

219 3525 353 3596 Ἐπιέναι,
364 3526 412 3602 (ol
423 3524 489 3602 εἶμι,
501 3525 572 3602 Εο.)
588 3525 619 3601 1)
629 3529 737 3584 Contra
747 3529 802 3585 oli-

239 3606 404 3686 quemireoi
411 3605 526 3684 Πέρσαι,
533 3605 570 3672 ιός
579 3604 802 3684 είδονέπιφανεῖ-

239 3711 295 3747 σαν
308 3692 363 3746 τῶν
375 3686 501 3745 Σκυθέων
511 3688 562 3758 την
573 3688 668 3752 ἵππον,
682 3685 803 3757 ἐπήῖσαν

239 3769 314 3847 (scil.
330 3768 373 3826 ἐπ’
384 3767 485 3844 αὐτὴν)
500 3779 549 3826 etc.
564 3771 602 3827 iv.
622 3773 686 3826 122.
704 3788 736 3824 m.
756 3770 804 3826 uli

836 3445 1062 3522 Ἐπιζευγνύναι,
1083 3450 1274 3525 Praecingere,
1290 3449 1371 3506 Inter
1391 3469 1423 3506 se

853 3530 976 3605 jungere
998 3529 1076 3603 (virle
1097 3528 1196 3588 lexic.
1218 3528 1318 3606 Polyb.
1336 3530 1363 3586 n.
1380 3526 1423 3604 ο.)

858 3611 957 3666 Sectos
991 3611 1124 3666 arborum
1158 3611 1269 3685 stipites
1304 3611 1424 3667 intentis

857 3707 942 3765 super
957 3689 1146 3766 Hellesponto
1165 3690 1333 3748 rudentibus
1353 3707 1423 3747 con-

857 3770 938 3826 tinua
952 3771 1024 3826 serie
1037 3771 1185 3846 impositos
1199 3769 1322 3828 ἐνθαῦτα
1342 3765 1424 3836 αὖτις

238 3847 802 3908 νηοαέδίωκονααόοναίανθδεινῶνέπιόν-
856 3847 1051 3923 ἐπεζεύγνυον,
1072 3851 1120 3908 vii.
1144 3855 1192 3909 36.
1208 3855 1238 3927 s.
1257 3851 1305 3908 nti
1330 3849 1423 3920 Valla,

239 3953 294 3987 των
312 3939 383 3988 τοῖσι
401 3928 534 4000 Ἕλλησι,
553 3931 685 3988 Peniculo
705 3931 801 3986 immi-
856 3929 989 4007 Desuper
1012 3931 1224 4002 innexuerunt3
1253 3931 1339 3988 Wess.
1362 3950 1425 3988 curn

238 4007 800 4086 nenteGraeeis,vii.145.f.lecroie'ncir·
859 4009 947 4068 Gron.
963 4012 1234 4088 Superjunxerunt;
1260 4031 1317 4081 nos,
1332 4012 1424 4069 Arete

238 4109 285 4152 τος
295 4087 414 4156 ου’δενός,
423 4091 470 4147 vii.
484 4095 550 4147 164.
560 4111 587 4148 α.
597 4087 801 4166 τδνβόρβαρον
856 4091 931 4148 inter
944 4110 974 4149 se
989 4093 1231 4150 constrinxerunt.

237 4166 287 4225 τόν
298 4166 410 4226 ἐπιόντα
421 4169 465 4225 ἐπὶ
477 4168 799 4240 τῆνῈλλιίδα,νίἰ.157.
834 4169 990 4241 Ἐπιζόειν,
1003 4173 1039 4229 In
1049 4173 1109 4229 vita
1118 4191 1244 4242 manere,
1255 4173 1422 4249 Superesse.

238 4247 309 4307 ο.Ν.
319 4250 422 4310 177.rn.
430 4247 554 4323 ὁρέοντες
563 4248 651 4327 δρόμῳ
659 4249 799 4320 ἐπιόντας,
855 4252 879 4308 εί
889 4250 1010 4320 ἐπέζωσε
1025 4254 1068 4309 καὶ
1082 4250 1122 4329 μή
1136 4251 1271 4322 α’πέθανε,
1280 4253 1300 4310 i.
1316 4257 1381 4309 120.
1392 4273 1422 4311 α.

237 4330 275 4387 vi.
291 4333 356 4385 112.
366 4349 391 4386 α.
400 4326 455 4410 βοη
467 4352 497 4386 τε
511 4331 555 4385 καὶ
568 4327 656 4406 ὁμίλῳ
670 4328 799 4400 ἐπηΊσαν,
834 4329 1049 4402 Ἐπιζωννύναι,
1080 4334 1272 4410 Praecingere,
1301 4333 1424 4390 Succin-

232 4409 277 4466 ix.
291 4411 375 4484 59.f.
391 4406 599 4484 2.)Advenire.
611 4407 717 4466 ἐπιοῦσι
728 4420 800 4468 τοῖσι
854 4432 934 4488 gere.
956 4413 1094 4469 Mulieres
1115 4415 1264 4490 AEgyptiae
1285 4413 1315 4470 in
1339 4413 1424 4470 luctu

237 4485 445 4565 πρεσβυτέροισι
459 4486 488 4555 ἐξ
505 4487 585 4564 ἕδρης
598 4486 799 4549 ἐπανιστέαται
854 4494 1018 4550 discurrunt
1043 4513 1095 4569 per
1122 4496 1224 4552 urbem
1251 4493 1424 4569 plangentes
