3122 5040
379 279 467 334 ΟΥΤ

157 401 298 480 ίσροτιιίυοι
313 416 457 464 censuerat
473 405 499 463 V
495 406 569 464 alolr.
582 403 623 462 At
636 404 721 462 aliam

157 484 197 540 ibi
215 505 274 542 esse
295 489 437 557 rationem,
453 498 479 545 et
501 487 572 544 nibil
591 503 649 542 esse
671 505 720 542 no·

158 566 285 636 vandum,
314 567 395 624 docui
421 571 450 626 in
477 568 582 626 Adnot.
607 563 722 622 οὗτοι-

157 648 254 721 μῆνες,
279 647 421 725 lepebatnr
438 649 468 706 ii.
493 655 541 707 31.
563 647 722 706 mulinas

158 745 218 782 cum
252 727 409 803 Scbaesrrn,
445 732 560 806 vestipia
601 727 722 784 codicum

158 809 349 866 nonnullorum
362 812 457 878 secuti,
470 817 592 868 τοσοῦτοι
606 827 661 882 pro
675 805 723 866 ού·

159 910 199 944 τοι
210 893 363 962 posuimus

200 963 233 1045 2)
248 967 381 1027 Notemus
399 989 486 1046 porro
506 990 583 1028 usum
605 973 724 1049 ejusdem

155 1052 325 1124 pronominis
336 1051 505 1127 hujusmodi:
521 1049 581 1109 οὐδὲ
593 1053 650 1129 γάρ
661 1050 724 1111 ottt

158 1127 361 1205 ’Λριατέης,-,
381 1129 442 1188 abbi
464 1129 542 1196 ούτος
564 1131 725 1210 προσωτέρω

160 1205 241 1286 ionae
248 1209 447 1282 ἅπικέσθοι,ἰν.
457 1210 726 1292 16.το.βουλόμενον

163 1288 218 1367 γαρ
231 1289 280 1349 τὸν
294 1289 422 1369 σφέτερον
433 1289 617 1364 βασιλέα,-,
629 1301 725 1353 τοῦτον

160 1368 334 1449 βουλόμενον
344 1371 447 1430 εἰδέναι
456 1372 486 1431 rb
494 1377 610 1444 πλῆθος,
623 1377 660 1434 iv.
675 1379 724 1434 81.

162 1472 195 1508 m.
206 1455 233 1526 Γ.
248 1451 381 1529 ὀμνύουσι
399 1453 452 1532 μέν
471 1451 533 1520 τούς
553 1453 629 1532 nupsi
648 1460 725 1533 σφίσι

162 1529 267 1606 ἄνδρας
281 1531 515 1604 δικαιοτάτους-,
530 1534 640 1601 τούτους
651 1533 725 1612 (soil.

160 1612 316 1690 ὀμνύουσα)
326 1618 381 1672 τῶν
391 1612 503 1689 τύμβων
512 1612 672 1694 ἁπτόμενοι,
687 1618 725 1675 iv.

166 1696 233 1756 172.
251 1698 280 1770 Γ.
299 1696 346 1752 ubi
360 1697 423 1752 niele
438 1715 503 1772 quae
517 1700 546 1754 in
565 1695 631 1754 Var.
648 1697 726 1754 Leot.

165 1779 265 1832 notaui.
284 1775 363 1852 Conf.
379 1797 440 1834 moso
455 1796 524 1833 num.
541 1783 568 1836 3.
584 1778 643 1835 sub.
652 1779 708 1854 fin.

205 1853 237 1930 3)
271 1854 411 1914 Neutrum
444 1862 531 1914 Τοῦτο
558 1861 726 1934 frequentor

165 1937 242 2011 apul
267 1935 401 1995 Nostrum
429 1941 469 1996 ita
502 1939 672 2014 duplicatur,
697 1948 728 1996 nt

164 2024 241 2074 τοῦτο
254 2015 425 2094 μὲν-τοῦτο
435 2017 463 2076 δὲ
472 2020 609 2095 εἰροίΓῑοοί
619 2020 727 2076 Partim

165 2099 290 2172 quidem,
311 2101 416 2176 partim
433 2119 511 2158 vero,
536 2099 585 2156 Sic
597 2102 617 2157 i.
634 2107 682 2160 30.
696 2103 726 2175 Γ.

1002 286 1092 339 Oro

775 404 859 464 πόλιν
867 412 1084 476 κτίσαι-,τοῦτο
1093 408 1121 466 bi
1132 409 1339 486 τοῦἯφοίστου

774 483 805 544 τὸ
819 484 877 562 ἱρὸν
889 485 1052 562 ἱδρύσασθαι
1064 512 1070 547 :
1085 500 1116 546 ot
1125 493 1269 566 superiore
1280 489 1338 546 loco

776 569 853 624 baud
872 568 953 627 dubie
975 589 1069 627 rerum
1090 573 1165 628 istud
1184 579 1245 628 erat
1267 569 1340 645 quod

776 669 811 706 eu
825 648 891 706 aliis
906 651 985 706 codd.
998 653 1099 708 editum
1113 651 1176 708 olim
1188 649 1337 726 lopebatur,

776 735 871 786 τοῦτον
889 728 943 807 μέν
961 727 1036 805 (scil.
1055 736 1152 789 τοῦτον
1171 729 1220 788 nir
1238 727 1340 805 Μῆνα)

777 807 991 886 ἀπογεφυρῶσαι
1005 821 1056 870 etc.
1092 809 1204 888 Nempe
1218 812 1268 868 loc
1282 811 1340 866 loco

778 889 826 946 ille
846 909 912 948 usus
929 896 1102 968 pronominis
1126 891 1204 956 οὗτος
1228 891 1338 957 obtinet,

778 972 812 1027 de
827 990 879 1047 quo
889 971 977 1048 paulo
991 982 1055 1030 ante
1069 971 1155 1048 (num.
1172 969 1216 1046 2.)
1229 973 1339 1028 monui:

778 1047 827 1108 τόν
848 1051 1012 1122 Mirm—oi
1034 1050 1103 1129 ἱρέες
1122 1049 1224 1125 ’έλεγον
1245 1059 1342 1109 τοῦτον

777 1128 831 1208 μὲν
856 1141 907 1189 etc.
950 1133 1010 1196 Quo
1033 1135 1097 1192 dein
1120 1135 1245 1208 refertur
1269 1133 1342 1207 quod

779 1215 858 1268 initio
869 1232 932 1288 cap.
946 1214 1131 1288 molentun,
1144 1209 1224 1270 Μετοὶ
1239 1209 1267 1268 δὲ
1281 1217 1341 1268 τοῦ·

778 1315 827 1350 τον
840 1291 992 1368 κατέλεγον
1006 1292 1123 1370 οἶίρεές.

822 1371 916 1430 Genit.
948 1375 1027 1450 plur.
1057 1395 1113 1451 per
1139 1377 1196 1432 tria
1227 1391 1340 1450 ponera,

778 1451 912 1522 Τουτέων,
924 1474 978 1530 pro
990 1475 1081 1514 comm.
1094 1455 1204 1513 τούτων.
1221 1454 1270 1512 Sic
1281 1475 1342 1510 του·

780 1532 858 1601 τέων,
877 1555 973 1611 uemps
994 1533 1191 1612 ἡμιπλινθίων,
1206 1535 1225 1592 i.
1242 1541 1290 1592 50.
1306 1553 1341 1590 m.

779 1613 897 1673 τουτέων
911 1620 966 1673 τῶν
980 1615 1099 1692 ἀνδρῶν,
1114 1618 1134 1673 i.
1149 1621 1196 1674 68.
1212 1636 1239 1673 a.
1256 1625 1282 1672 et
1295 1615 1344 1672 vii.

781 1701 829 1754 85.
842 1697 892 1754 bis
907 1695 1023 1754 τουτέων
1037 1697 1150 1762 εἵνεκεν,
1160 1697 1180 1754 i.
1192 1696 1239 1758 70.
1250 1715 1277 1753 a.
1288 1697 1344 1753 τῶν

781 1781 864 1851 κρεῶν
876 1775 1001 1845 τουτέων,
1013 1779 1034 1834 i.
1048 1780 1096 1840 73.
1106 1781 1135 1853 Γ.
1148 1785 1219 1834 τοῖσι
1229 1774 1345 1834 τουτέων

780 1855 929 1931 ἐκγόνοισι,
944 1859 963 1915 i.
982 1861 1048 1916 105.
1058 1862 1086 1934 Γ.
1100 1855 1218 1915 τουτέων
1231 1855 1345 1915 πάντων

781 1935 909 2014 καθαρὸς,
921 1939 950 1995 ii.
967 1943 1015 1996 38.
1032 1959 1065 1995 m.
1075 1941 1105 2014 Γ.
1117 1935 1269 2002 ἐλάσσονες
1283 1961 1344 1996 του-

782 2015 860 2085 τέων,
875 2019 923 2076 vii·
942 2024 1008 2076 102.
1017 2021 1046 2094 Γ.
1063 2022 1144 2095 τριῶν
1161 2014 1278 2076 τουτέων
1298 2043 1347 2092 γε·

782 2096 875 2168 νεέων,
890 2100 927 2156 vi.
944 2103 992 2156 98.
1008 2119 1044 2156 m.

165 2175 226 2253 (ubi
240 2180 303 2235 uide
321 2178 386 2237 Var.
404 2175 520 2237 Leatsset
531 2178 615 2256 Not.)
626 2181 646 2238 i.
662 2185 728 2238 161.
763 2176 851 2248 Οίιτω,
876 2176 907 2253 1)
925 2181 980 2246 Sic,
1002 2180 1057 2250 Ita,
1073 2180 1175 2256 absque
1196 2203 1210 2244 ς
1231 2181 1260 2236 in
1274 2182 1345 2256 fine,

166 2259 195 2316 ii.
213 2263 280 2317 135.
289 2262 318 2335 s.
334 2261 374 2318 iti.
396 2265 460 2318 τοι.
476 2279 510 2317 n.
529 2265 594 2320 sss.
610 2281 644 2318 a.
660 2265 726 2318 159.

167 2359 194 2396 a.
212 2340 249 2397 iv.
270 2345 318 2398 23.
338 2343 366 2416 Γ.
385 2342 421 2398 iv.
443 2346 510 2398 142.
531 2362 557 2398 v.
579 2347 628 2400 28.
649 2362 677 2398 a.
701 2351 728 2398 et

166 2424 273 2495 saepius
299 2421 377 2478 alibi.
406 2418 470 2478 Neo
498 2441 563 2478 vero
590 2422 728 2496 formulas

167 2507 245 2558 τοῦτο
253 2499 288 2578 μὲ
292 2525 307 2557 ν
318 2511 474 2560 constanter
485 2504 630 2578 respondet
638 2503 729 2560 altera

167 2588 245 2640 τοῦτο
266 2580 310 2639 bs':
333 2584 372 2640 ad
388 2584 555 2658 praecellens
577 2590 656 2640 τοῦτο
677 2582 730 2660 μὲν

168 2682 366 2739 nonnumquam
393 2667 423 2720 in
451 2667 576 2740 sequenti
609 2667 730 2721 oratione

147 2741 150 2816 j
169 2743 228 2800 sola
235 2745 380 2818 particula
394 2741 422 2801 δὲ
436 2753 484 2801 aut
498 2743 527 2802 δὲ
541 2746 584 2801 καί
595 2748 729 2819 refertur.

169 2823 220 2880 Ad
232 2829 310 2882 τοῦτο
323 2821 376 2902 μέν
393 2823 435 2882 ὅτι
453 2821 469 2881 ὁ
489 2823 588 2897 λαγὸς,
602 2825 644 2882 iii.
663 2829 730 2882 108.

170 2991 247 3042 τοῦτο
263 2982 318 3060 γάρ
331 2983 514 3062 Ἀνάχαρσις,
528 2987 565 3042 iv.
581 2987 629 3046 76.
645 3006 672 3042 a.
687 3005 733 3042 re·

164 3068 261 3140 fertur
276 3067 339 3124 dein
353 3071 483 3124 πολλοῖσι
497 3064 526 3123 δέ
540 3064 653 3141 ὕστερον
663 3062 735 3122 ’έτεσι

170 3146 286 3216 Σκύλης,
302 3147 379 3206 initio
393 3167 455 3223 cap.
472 3149 519 3210 78.
533 3146 584 3203 Ad
593 3152 672 3203 rubro
682 3143 736 3221 pir

173 3225 228 3302 γάρ
244 3226 414 3304 Ἀλκμαίων,
429 3228 468 3285 vi.
486 3232 552 3284 125.
569 3247 595 3283 a.
612 3229 736 3300 refertur

172 3307 235 3366 cleia
250 3305 331 3365 Meni
342 3306 429 3365 δέκτο.
439 3328 501 3384 cap.
516 3311 583 3364 126.
597 3306 648 3365 Ad
657 3313 736 3364 τοῦτο

171 3385 233 3462 μὲν,
239 3389 287 3445 vii.
302 3390 366 3451 176.
379 3407 406 3446 ο.
419 3391 543 3465 refertur
553 3407 615 3444 mon
626 3387 735 3456 deinde,

172 3465 233 3538 ἠδὲ
247 3464 292 3526 ab.
314 3469 394 3542 Cous.
416 3489 481 3545 qnoe
500 3469 539 3526 ad
562 3469 610 3526 vii.
634 3473 683 3525 22.
706 3488 734 3526 a.

173 3553 333 3606 notavimus.
353 3549 459 3612 Quibus
480 3569 515 3606 eu
536 3550 603 3606 locis
622 3551 694 3606 inter
706 3568 737 3606 se

174 3629 282 3687 collatis
297 3631 442 3686 uiolandum
453 3649 487 3687 ue
498 3649 565 3686 aera
575 3628 738 3686 Herodotea
756 3668 762 3677 -

166 3713 260 3784 suerit
273 3714 423 3786 scriptura,
434 3730 499 3786 quse
510 3710 738 3766 consentientibus

171 3791 373 3866 probatissimis
388 3791 466 3848 libris
481 3790 543 3847 olim
558 3791 599 3848 iii.
617 3794 684 3848 115.
701 3809 736 3846 m.

782 2280 837 2317 non
860 2261 947 2317 solum
974 2270 1038 2317 ante
1062 2261 1170 2317 literam
1194 2279 1346 2331 consonam,

782 2342 832 2398 sed
855 2349 881 2398 et
905 2350 970 2397 ante
991 2341 1121 2408 vocalem,
1143 2341 1191 2398 ubi
1216 2344 1349 2398 sermonis

784 2423 930 2478 communis
942 2430 969 2477 et
976 2421 1068 2479 Attici
1078 2440 1143 2478 usus
1156 2417 1241 2486 οὕτως
1253 2431 1348 2496 postu·

784 2502 832 2558 tut.
851 2498 920 2560 ούτω
942 2499 1128 2572 ἀποθνήσκειν
1148 2499 1196 2570 δεῖ,
1211 2503 1232 2559 i.
1249 2506 1296 2560 11.
1312 2523 1347 2560 m.

784 2579 853 2640 obrui
872 2577 920 2652 ὦν,
935 2583 954 2639 i.
972 2587 1018 2640 32.
1032 2603 1067 2640 m.
1088 2579 1157 2640 ούτω
1175 2579 1190 2639 b
1206 2579 1308 2653 Ἅλυς,
1328 2585 1349 2640 i.

786 2665 835 2726 72.
855 2684 890 2720 m.
921 2662 1058 2720 Similiter
1077 2663 1141 2720 olim
1160 2663 1227 2720 bene
1249 2665 1350 2721 editum

786 2754 847 2802 erut
860 2741 929 2801 obrui
945 2740 1022 2820 ἔσχε,
1038 2744 1056 2800 i.
1073 2745 1121 2806 70.
1138 2753 1210 2802 eutr.
1226 2744 1273 2801 ubi
1287 2745 1351 2802 vide

791 2823 857 2882 Var.
872 2824 950 2880 Lect.

816 2903 849 2980 2)
862 2903 1011 2962 Notandus
1024 2923 1090 2961 usus
1104 2905 1186 2980 liujus
1196 2905 1351 2980 particulae

789 2987 818 3042 in
845 2987 1032 3042 consecutione
1056 2987 1212 3053 sententia,
1237 2985 1271 3041 ‹le
1299 3005 1351 3060 quo

789 3068 891 3122 monuit
901 3063 937 3120 W
934 3083 986 3122 ess.
997 3065 1036 3121 at
1045 3067 1099 3121 ista
1107 3065 1202 3128 cerba.
1211 3062 1353 3138 ἐγγυητάς

789 3149 862 3222 χρῆν
877 3143 1210 3214 καταστήσαντα-οὔτω
1227 3143 1265 3202 ἂν
1283 3142 1352 3218 ἄγε·

791 3227 865 3296 σθαι,
888 3227 908 3282 i.
937 3229 1001 3283 196.
1020 3229 1049 3300 Γ.
1086 3225 1221 3302 Ejusdem
1241 3230 1353 3302 pencris

790 3316 854 3364 sunt
872 3307 998 3382 exempla
1018 3307 1105 3364 baec:
1133 3305 1193 3364 ἐπεί
1211 3331 1240 3364 τε
1259 3305 1288 3363 δὲ
1306 3304 1354 3363 οὐκ

790 3385 898 3444 α’νιέναι
909 3385 939 3445 rb
950 3385 1041 3457 sanir,
1052 3383 1122 3444 ούτω
1133 3385 1166 3456 bri
1178 3398 1227 3444 eto.
1236 3387 1256 3445 i.
1264 3391 1352 3444 oum.

791 3471 963 3546 παραχρῆμα
981 3464 1034 3545 μέν
1052 3464 1181 3536 οὐδέν-η
1195 3466 1254 3524 ἐπεὶ
1273 3465 1353 3533 δέ-,

791 3545 861 3606 obsco
875 3547 908 3618 δή
926 3559 977 3607 eta.
992 3549 1041 3606 vii.
1059 3553 1126 3605 150.
1136 3551 1164 3623 Γ.
1180 3545 1211 3605 έν
1230 3544 1355 3624 κλιβάνῳ

791 3629 947 3699 πνίξαντες,
965 3625 1035 3686 ούτω
1053 3626 1196 3703 τρώγουσι,
1211 3629 1240 3684 ii.
1262 3631 1311 3684 94.
1324 3631 1354 3702 Γ.

791 3703 1357 3784 α’ποκτείναντεςδὲρύτωὲκείνῃα’πέδοσαν

791 3787 842 3859 τὴν
850 3787 1016 3862 βασιληίην,
1026 3789 1054 3844 ii.
1067 3792 1173 3844 loon.
1183 3782 1359 3862 διαφαγόντα

168 3874 197 3944 Γ.
211 3872 325 3948 culpata
339 3881 409 3940 ονοί,
424 3877 501 3928 τοῦτο
520 3868 621 3943 μέν--,
635 3867 695 3928 obre
710 3867 740 3926 bi
794 3869 872 3939 δέ-,
886 3866 956 3926 ούτω
974 3866 1025 3936 τήν
1044 3864 1154 3924 έκδυσιν
1169 3864 1300 3936 ποιέεται,
1313 3867 1355 3924 iii.

177 3953 287 4010 sicubi
305 3972 360 4028 pro
373 3949 434 4008 ούτε
452 3949 480 4008 δὲ
508 3949 592 4008 Wess.
609 3969 644 4007 eu
658 3950 738 4007 coll.
797 3953 862 4007 109.
871 3951 935 4022 ms.
951 3947 1057 4012 Quibus
1068 3956 1094 4016 et
1105 3947 1239 4004 similibus
1250 3948 1279 4003 in
1291 3946 1358 4005 locis

176 4031 266 4090 Areli.
281 4043 307 4090 et
326 4031 407 4090 Vtut.
429 4037 506 4090 τοῦτο
526 4028 555 4086 δὲ
574 4032 686 4105 recepit.
700 4029 742 4086 At
795 4027 942 4088 abscidam
944 4032 1049 4104 sereac
1057 4023 1151 4084 ἔπειτα
1160 4027 1242 4084 ualet.
1252 4026 1359 4086 Eodem

177 4113 253 4170 nullo
275 4123 358 4189 pacto
382 4113 435 4170 luc
458 4112 564 4187 referri
587 4111 680 4168 debuit
701 4109 741 4178 id,
792 4112 916 4186 pertinet
936 4110 1009 4185 quoii
1032 4109 1081 4165 vii.
1109 4111 1176 4168 170.
1192 4110 1222 4183 Γ.
1249 4107 1358 4184 ίιρίίυν,

179 4195 253 4269 quod
264 4195 295 4251 ii.
312 4197 361 4252 99.
376 4213 403 4250 a.
413 4191 607 4269 praeeuntibus
615 4190 743 4265 pluribus
796 4187 958 4267 α’πικόμενοι
965 4189 1076 4266 τιμωροὶ
1083 4192 1282 4265 Ταραντίνοισι
1291 4186 1345 4246 εἰπέ
1350 4221 1361 4233 -

179 4275 286 4349 quidem
301 4275 439 4331 codicibus
449 4276 559 4349 primus
569 4272 640 4328 lolem
657 4271 742 4327 Wess.
798 4266 1124 4347 θανοντρισχίλιοιούτω.
1138 4267 1359 4328 Videibinotuta.

179 4349 745 4430 οιίίάίίτοῦτομένάτογεφυρῶσαικαὶτήν
789 4418 796 4431 .
839 4347 872 4425 3)
886 4350 1037 4418 Interdum,
1052 4349 1100 4408 ubi
1118 4350 1157 4407 acl
1175 4349 1361 4425 complendam

181 4431 305 4512 Μέμφιν.
321 4433 397 4491 Nam
410 4445 485 4492 recte
494 4434 602 4510 quilcm
614 4435 643 4488 in
654 4432 745 4489 codem
798 4435 958 4493 sententiam
978 4429 1039 4508 (Ita
1051 4428 1098 4503 ut)
1115 4438 1302 4505 exspectasses
1315 4448 1361 4484 re-

180 4510 746 4594 cap.subfin.lepiturroircpiue'rnbrqi
800 4513 975 4589 spondentem
1005 4511 1182 4587 praecedenti
1209 4507 1363 4584 particulae
