3174 5040
394 258 478 313 1:111

161 385 199 442 de
220 386 280 446 fllia
301 387 458 463 agebatur;
494 389 596 444 rectius
621 385 729 456 Latine,

161 467 239 542 quod
253 475 282 524 et
295 468 324 524 in
338 467 414 542 filis)
429 469 542 537 fecerat,
556 469 597 526 iii.
616 472 661 525 14.
676 487 715 526 m.

203 543 236 621 7)
251 547 310 604 Pro
323 546 368 604 ἐπὶ
385 547 470 625 τούτῳ
491 546 518 604 δι’
537 557 585 604 cut
604 546 647 604 ἐπὶ
667 547 729 604 τού-

161 649 225 694 τοις,
241 629 289 685 abs'
302 627 346 685 ε’πλ
360 640 439 686 sonat
455 631 532 698 Post,
543 631 661 696 Praeter,
681 641 730 687 nat

163 710 244 764 etiam
273 710 375 784 Super,
406 710 555 786 eitipticom
575 711 728 784 formulam

160 787 204 844 ε’πὶ
211 785 239 845 δὲ
245 788 441 847 cmctNoster.
452 786 728 859 ἥκουσανἙλλήνιον

162 865 261 944 ἄριστα
275 871 439 944 Αἰγινῆται·
455 869 500 927 ἐπὶ
515 868 553 938 δὲ,
568 867 645 946 (scil.
663 870 726 928 τού-

160 971 224 1019 τοις,
240 951 312 1008 Post
324 949 390 1027 bos)
405 949 556 1021 Ἀθηναῖοι,
568 952 625 1008 viii.
637 955 686 1009 93.
697 971 724 1010 α.

159 1033 291 1088 πλεῖστον
299 1027 379 1098 ἔθνος
388 1029 622 1108 Πέρσαςαὶρέοτο·
630 1031 675 1088 ἐπὶ
687 1031 724 1103 δὲ,

160 1109 280 1182 Μήδους,
296 1113 356 1170 viii.
375 1117 442 1170 113.
452 1115 481 1188 Ι.
500 1112 603 1182 ἵζοντο,
619 1118 725 1188 πρῶτος

159 1189 209 1266 μὲν
228 1191 243 1248 ὁ
263 1191 388 1258 Σιδόνιος
404 1191 552 1266 βασιλεύς·
569 1191 638 1269 μετά
659 1191 687 1250 δὲ
709 1194 724 1252 ά

157 1271 267 1348 Τύριος·
280 1275 326 1332 ἐπὶ
340 1273 378 1344 δὲ,
393 1272 488 1354 dirior,
503 1276 562 1332 viii.
579 1276 628 1336 67.
638 1277 666 1348 Ι.
683 1269 724 1340 εἷς

156 1351 208 1429 μὲν
224 1357 269 1410 καὶ
293 1359 398 1431 πρῶτος
415 1353 621 1432 (άγύν),-ε’πὶ
644 1352 723 1421 δελ-

157 1433 224 1506 μετά
239 1432 365 1506 δὲῃ-ἐπὶ
380 1435 417 1505 δὲ,
429 1439 467 1494 ix.
481 1441 527 1494 35.
539 1453 574 1493 m.
585 1435 663 1493 Hinc
672 1438 720 1494 vii.

159 1517 224 1572 219.
241 1535 269 1572 α.
293 1517 349 1587 abi,
364 1517 422 1575 loro
443 1520 553 1574 nitiosoe
568 1520 722 1593 scripturae

157 1592 247 1652 ἐπεὶδὲ
256 1615 370 1655 noscam
386 1597 495 1674 Scbaef.
505 1593 612 1654 ἔπειτεν
624 1601 721 1672 posui-

156 1695 223 1747 mus,
253 1677 331 1735 baud
356 1679 438 1736 dabie
464 1677 509 1735 ἐπὶ
537 1675 565 1734 δὲ
593 1675 721 1753 (Deinde

157 1754 237 1832 vero)
252 1769 315 1816 erut
328 1761 527 1836 corripendum.
543 1757 719 1834 Eudemsor·

156 1837 228 1894 mula
238 1835 284 1894 ἐπὶ
295 1837 324 1896 δὲ
331 1841 379 1897 vii.
396 1845 481 1898 92.σ.
494 1857 547 1896 noa
560 1839 663 1896 Postea
672 1849 719 1897 cut

156 1918 278 1988 Deinde,
299 1939 349 1977 nec
372 1923 473 1998 Super,
492 1921 543 1976 aad
563 1921 718 1989 Praeterea,

156 1997 287 2075 Insuper,
306 2011 394 2058 sonat.
427 2002 469 2058 At
488 2001 536 2057 vii.
556 2001 605 2061 75.
629 2021 654 2058 α.
674 2000 720 2057 ἐπὶ

157 2076 192 2148 δὲ,
208 2077 282 2154 (scil.
298 2078 341 2137 ἐπὶ
350 2089 407 2146 τοῖς
421 2085 524 2148 raddai,
538 2083 629 2156 Super
641 2083 719 2138 tuni·

156 2157 208 2234 cis)
224 2157 316 2236 ζειράς
331 2159 566 2237 περιβεβλημένοι
579 2167 716 2228 ποικίλας.

155 2238 266 2298 Rursus
275 2240 319 2298 ἐπὶ
334 2240 372 2311 δὲ,
384 2242 459 2318 (scil.
472 2241 516 2300 ἐπὶ
528 2249 585 2306 τοῖς
599 2246 719 2318 καλαμί-

161 2342 218 2385 νοις
230 2319 348 2398 didesia)
364 2323 474 2400 σίδηρον
489 2318 532 2393 ἦν,
548 2324 641 2398 Super
655 2325 719 2381 telis

155 2403 318 2460 arundineis
339 2405 447 2462 ferrum
471 2413 551 2471 erat3
581 2407 600 2460 i.
618 2423 641 2461 e.
663 2406 719 2462 tela

154 2483 311 2541 arundinea
326 2486 401 2542 ferro
421 2495 502 2542 erant
521 2485 650 2560 praefixa,
669 2487 717 2542 vii.

155 2569 203 2621 65.
218 2560 264 2620 ε’πὶ
278 2561 316 2633 di,
323 2561 396 2639 (scii.
406 2564 450 2622 ἐπὶ
459 2572 516 2630 τοῖς
524 2561 718 2638 τόξοις)καλα-

154 2643 367 2717 μύνουςοῖστούς
381 2642 470 2723 εἶχον,
481 2647 613 2703 Arcubus
626 2646 718 2722 impo-

155 2726 248 2781 nenda
283 2727 427 2783 habebant
460 2728 518 2784 tela
552 2727 718 2795 arundinea,

155 2807 191 2862 vi.
217 2809 264 2862 69.
287 2828 315 2864 ο.
357 2807 399 2863 Et
419 2827 481 2864 moa
494 2807 608 2876 ibidem,
629 2805 673 2863 ἐπὶ
690 2805 719 2864 δὲ

154 2883 228 2959 (scil.
238 2883 282 2942 ἐπὶ
291 2893 354 2951 ταῖς
362 2884 496 2964 αἰχμαῖς)
505 2885 584 2962 κέρας
591 2885 719 2962 δορκάδος

1018 260 1099 332 snt

784 399 946 465 paruerant,
970 393 990 449 i.
1018 397 1083 451 141.
1106 413 1132 451 ο.
1154 392 1222 468 πρός
1241 393 1351 462 τούτους

784 467 875 546 ὅρκιον
890 475 978 548 Κῦρος
989 471 1137 543 ἐποιήσατο
1151 472 1193 530 ἐπ’
1206 469 1264 532 οἷσί
1272 475 1350 552 nepai

785 549 883 620 Λυδὰς,
900 553 918 609 i.
939 557 1005 610 141.
1014 557 1043 629 Ι.
1059 552 1287 629 ὁμολογήσαντος
1305 557 1348 613 ε’πὶ

783 629 902 689 τούτοισι
928 633 1135 711 Πεισιστράτου,
1152 638 1171 692 i.
1198 640 1247 693 60.
1271 656 1298 693 ο.
1321 648 1350 694 et

782 709 851 770 ibid.
874 714 1050 788 potionata,
1070 718 1093 772 εἰ
1110 713 1243 788 βούλοιτό
1257 716 1282 774 οἱ
1296 715 1348 786 τήν

782 793 921 868 θυγατέρα
934 790 1011 871 ἔχειν
1020 804 1141 868 γυναῖκα
1150 796 1195 853 ἐπὶ
1204 801 1237 879 τῇ
1247 819 1347 873 τυραν-

782 870 845 943 νίδι,
863 874 925 931 Ηοο
939 877 1100 934 conditione
1119 887 1152 935 ut
1170 897 1259 954 regno
1273 879 1347 954 poti-

780 962 869 1011 retur.
885 951 926 1011 ἑπ’
942 953 1040 1026 odissi,
1064 958 1151 1016 Nulla
1174 959 1347 1029 conditione,

781 1033 868 1092 Nullo
882 1043 973 1110 pecto,
988 1038 1028 1093 iii.
1046 1043 1094 1094 38.
1108 1057 1142 1094 m.
1151 1041 1180 1114 s.

820 1112 853 1190 9)
877 1114 989 1174 Rursus
1013 1116 1075 1174 Ἐπὶ
1101 1117 1195 1196 τούτῳ,
1221 1120 1258 1177 In
1280 1121 1344 1189 hoe,

779 1196 825 1251 ccl
846 1197 893 1254 Ad
914 1198 977 1265 hoc,
998 1199 1029 1254 id
1052 1207 1101 1268 est,
1128 1200 1193 1256 Hoc
1215 1201 1343 1270 consilio,

779 1277 867 1334 Hunc
892 1278 922 1334 in
945 1279 1042 1348 finem,
1069 1280 1164 1356 Hujus
1189 1281 1231 1337 rei
1254 1283 1344 1338 effici-

746 1413 750 1421 ,
777 1357 860 1414 endas
873 1377 980 1416 caussa.
997 1357 1041 1415 ἐπὶ
1055 1363 1125 1438 κακῷ
1138 1357 1285 1436 α’νθράπου
1300 1365 1343 1418 σί-

777 1435 857 1513 δηρος
870 1437 1025 1514 άνεύρηται,
1040 1441 1074 1497 In
1085 1442 1240 1516 perniciem
1249 1443 1342 1498 homi-

776 1519 821 1575 nis
834 1519 982 1577 inventum
1004 1529 1048 1578 est
1066 1523 1182 1591 ferrum,
1197 1522 1218 1578 i.
1237 1525 1285 1580 68.
1307 1543 1341 1578 m.

777 1597 828 1656 σύκ
840 1599 884 1656 ε’πδ
904 1597 989 1678 τούτῳ
1007 1604 1150 1672 πλέοντες,
1165 1603 1264 1664 Quum
1284 1621 1342 1660 non

775 1678 828 1736 hoc
850 1682 968 1738 consilio
986 1683 1174 1758 navigassent,
1198 1685 1216 1741 i.
1240 1686 1288 1740 59.
1312 1701 1340 1740 α.

774 1758 835 1833 (ubi
847 1762 899 1818 atta·
912 1763 1021 1838 quidem
1034 1761 1078 1819 iri
1092 1766 1179 1830 τοῦτο,
1195 1783 1291 1839 nempe
1305 1781 1340 1820 ea·

774 1838 903 1916 scholio.)
913 1841 956 1898 ἐπ’
966 1837 1098 1921 ᾧτ’στάλη
1108 1842 1205 1912 imolae,
1218 1861 1243 1900 v.
1253 1848 1303 1900 45.
1314 1863 1340 1900 a.

774 1921 898 1978 chivida
918 1921 983 1980 Ver.
999 1923 1077 1980 Lect.
1100 1924 1144 1980 ἐπὶ
1162 1921 1246 2000 λύμῃ,
1263 1925 1340 1980 Con-

773 2003 900 2058 tumeliae
914 2021 1021 2070 caussa,
1036 2003 1066 2060 ii.
1092 2007 1157 2071 121,
1180 2007 1208 2060 4.
1223 2006 1251 2078 s.
1267 2001 1338 2061 Not.

774 2079 1338 2162 111114.ο.ἕδησαν,(αύτύν)ἕπὶθανάτμ,

775 2163 939 2220 vinxerunt
971 2166 1052 2222 illum
1082 2165 1118 2220 ad
1156 2164 1337 2240 supplicium.

774 2244 792 2298 ι’.
809 2261 832 2299 c.
857 2244 1003 2321 Supplicio
1022 2245 1205 2312 destinatum,
1226 2245 1339 2321 capitali

774 2341 860 2398 poena
880 2325 1080 2394 adficiendum,
1103 2327 1143 2383 ix.
1168 2326 1216 2388 37.
1240 2345 1267 2382 α.
1285 2349 1338 2403 μη-

771 2410 919 2480 χανῶνται
931 2405 1012 2484 ε’πὶτῇ
1020 2403 1241 2481 κατόδμ(αυ’τοῦ)
1249 2411 1339 2482 πρῆγ-

773 2507 814 2562 μα
836 2485 1027 2555 sintita-raros,
1042 2488 1090 2544 Ad
1109 2486 1185 2544 illius
1205 2489 1339 2554 reditum,

775 2565 840 2624 Hoc
854 2569 971 2625 consilio
989 2577 1022 2625 ut
1043 2570 1070 2624 ei
1084 2569 1206 2624 reditum
1229 2569 1340 2644 pateis·

773 2656 879 2714 cerent,
895 2648 914 2704 i.
931 2653 980 2706 60.
993 2667 1021 2705 a.
1035 2647 1181 2712 ααπαῖδας
1195 2649 1224 2713 ἐς
1238 2646 1339 2724 Σάρδις

771 2723 904 2804 ἐξέπεμψε
923 2726 965 2784 ἐπ’
985 2727 1092 2806 ἐκτομῇ,
1113 2730 1222 2786 Pueros
1237 2729 1339 2786 Sardes

773 2809 850 2864 misit
868 2809 904 2863 ad
924 2810 1132 2879 castrationem,
1154 2811 1338 2867 Castrationis

773 2907 879 2957 caussa,
891 2889 1070 2960 Castrandos,
1080 2891 1121 2946 iii.
1133 2895 1181 2946 48.
1194 2909 1228 2945 m.
1241 2899 1267 2945 et
1276 2907 1338 2945 moa

153 2963 223 3035 ε’πῆν
250 2965 307 3038 ὀξύ,
335 2968 449 3026 Lancea
475 2987 563 3026 cornu
589 2969 718 3026 dorcadis

154 3058 237 3106 acuto
251 3057 313 3106 erat
326 3049 455 3123 prefixa.
469 3075 471 3079 ·

194 3127 227 3205 8)
247 3129 311 3185 Ἐπὶ
334 3125 428 3206 τούτῳ,
455 3130 518 3186 Hac
543 3129 716 3200 conditione,
775 3127 864 3186 Samii
900 3139 1095 3205 cognoverunt
1133 3131 1199 3190 Qua
1239 3145 1338 3185 caussa

154 3207 217 3266 Hac
231 3212 306 3286 lege.
322 3207 367 3265 ἐπὶ
381 3207 465 3286 τούτῳ
479 3207 718 3286 ύπεξίσταμαιτῆς
771 3207 854 3283 (Quo
868 3211 993 3278 consilio,
1013 3211 1109 3270 Quem
1130 3211 1161 3266 in
1181 3205 1283 3282 finem)
1296 3208 1339 3265 iui

151 3287 252 3367 ἀρχῆς,
268 3289 311 3346 ἐπ’
325 3285 346 3368 ᾧ
360 3311 388 3347 τε
404 3288 479 3366 (Ion.
492 3309 547 3366 pro
567 3287 607 3367 ἐφ’
621 3287 656 3368 ᾧ)
671 3289 717 3347 ὑπ’
773 3291 875 3348 Sardes
903 3292 1082 3348 ducerentur.
1137 3289 1204 3347 Huc
1231 3291 1338 3365 referri

152 3368 265 3436 ου’δενύς
278 3369 371 3449 ύμέων
385 3367 511 3446 ἄρξομαι,
531 3369 594 3428 Hac
618 3372 717 3428 condi·
741 3412 748 3420 .,
767 3379 863 3446 posset
870 3367 1180 3446 Ιοτταυύατταραλαβιύν
1189 3367 1234 3428 tat
1242 3370 1338 3448 Εεινὶῃ,

151 3451 314 3520 tione—ut,
332 3451 374 3508 iii.
398 3457 447 3509 83.
465 3471 499 3508 m.
522 3459 548 3508 et
560 3471 632 3520 mcc,
648 3475 716 3509 συν-
771 3453 862 3508 καλέει
871 3451 916 3508 ἐπὶ
924 3451 1018 3530 ξεινιῃ,
1028 3455 1053 3509 α’
1063 3455 1266 3527 itaacripsissct
1274 3450 1337 3508 He-

154 3530 276 3609 εχιύρεον
285 3531 311 3590 οἱ
322 3530 403 3599 iiia>
414 3529 542 3601 τούτοισι,
555 3533 623 3589 ibid.
631 3536 661 3609 f.
673 3533 719 3590 ἐπὶ
769 3534 883 3589 παύσαιο
896 3541 927 3590 ut
937 3534 1000 3590 olim
1014 3535 1051 3590 iv.
1066 3538 1133 3590 154.
1146 3535 1246 3589 editam
1255 3541 1335 3588 erat:

150 3611 229 3692 λόγῳ
249 3612 342 3690 τοιῷδε
365 3610 429 3670 τάδε
448 3610 613 3690 ὑπίσχομαι,
633 3612 675 3670 ἐπ’
696 3611 717 3694 ᾧ
772 3610 853 3670 attat
862 3615 948 3677 ξείνια
957 3611 1000 3688 (in
1008 3610 1235 3687 Accucplwraii)
1245 3613 1336 3685 scrip-

148 3690 716 3770 simpertus‘mivovtoopaaviitte
771 3696 841 3750 sisse
864 3704 1002 3752 auctorem
1023 3695 1189 3749 ostendimus
1210 3695 1239 3747 ιἰι
1268 3689 1334 3746 Vnt.

141 3777 173 3850 s.
187 3771 204 3844 ἡ
216 3773 362 3848 διαλλαγή
370 3785 417 3852 σφι
429 3771 618 3854 ἒγένετοὲπ’ᾦ
627 3799 655 3832 τε
664 3777 719 3841 ξεί·
773 3773 850 3831 Lect.
866 3777 904 3832 σά
916 3776 953 3831 iv.
970 3777 1036 3841 154,
1054 3776 1100 3830 19.
1117 3779 1182 3828 etv,
1202 3775 1248 3838 18,
1265 3775 1294 3828 5.

150 3853 536 3924 νουςάλλήλοισιεῖναι,ἰ.22.
538 3859 567 3932 Ι
576 3857 620 3914 ἐπὶ
629 3857 718 3916 τοῖσδε
815 3851 865 3928 10)
879 3853 920 3912 ἐπ’
935 3853 1003 3930 ἐμοὶ.
1027 3849 1071 3908 ε’πὶ
1091 3856 1135 3908 σού
1154 3849 1221 3920 ἐστι,
1245 3852 1338 3908 Penes

149 3933 389 4006 καταλλάξαντες,
403 3935 454 3992 ’ἐπ’
478 3933 529 4015 ᾧτε
546 3934 719 4012 Ἱπποκράτει
771 3955 827 4004 me,
843 3935 935 3992 Penes
950 3943 987 3992 te.
999 3930 1040 3989 ἐπ’
1054 3929 1122 4009 ἡμῖν
1130 3930 1188 3989 ἐστι
1199 3929 1337 4008 ἠνδραπο-

149 4017 716 4094 ΚαμαρίυανΣυρηκουσίουςπαραδοῦναι,
772 4013 865 4073 δι’σθαι
879 4013 975 4092 ύμέας,
990 4015 1048 4072 viii.
1062 4017 1111 4070 29.
1128 4013 1153 4072 b.

148 4097 198 4154 vii.
214 4102 282 4156 154.
287 4099 316 4174 f.
329 4095 390 4154 ’ἕαδε
402 4095 594 4163 δέκεσθαιτούς
604 4096 718 4164 Μινύας
753 4097 813 4154 ΙΙΙ.
836 4095 898 4152 Ἐπὶ
912 4116 972 4152 cam
985 4094 1154 4152 Accusatico
1168 4112 1243 4151 casu.

149 4175 193 4233 ἐπ’
214 4173 272 4234 οἷσι
297 4177 407 4234 θέλουσι
429 4176 515 4248 αὐτοὶ,
538 4179 575 4234 iv.
605 4185 671 4236 145.
686 4183 715 4255 Ι.
815 4173 847 4250 1)
865 4175 1056 4252 Vaiyctissimo
1066 4193 1118 4232 asu
1132 4176 1270 4251 sipnificat
1280 4173 1337 4242 Ad,

147 4257 294 4323 ἐθέλοντες
308 4261 352 4315 ἐπὶ
366 4266 436 4315 τοῖσι
445 4257 553 4316 αύτοῖσι
565 4255 638 4318 εἶναι
647 4265 718 4317 τοῖσι
773 4257 818 4327 Ια,
837 4259 930 4333 Super
957 4276 1017 4314 cum
1039 4255 1173 4314 Accusat.
1220 4255 1281 4317 Quo
1302 4255 1337 4310 de

148 4339 195 4394 rai
217 4343 326 4416 Κροίσῳ
347 4333 423 4408 ἦσαν
440 4336 561 4408 ὑπήκοοι,
582 4341 719 4398 Volentes
771 4358 823 4395 usu
835 4359 929 4414 ρουσα
941 4335 1337 4415 quaedampnulorcriorcbtc

148 4420 260 4476 eisdem
288 4419 497 4478 conditionibus
532 4421 653 4497 imperio
684 4422 718 4478 il·
773 4429 882 4477 notasse
903 4421 1030 4496 sufficiat.
1048 4411 1120 4490 ἦγον
1137 4413 1221 4472 ἀὐτὸν
1240 4414 1283 4470 ἐπὶ
1302 4412 1338 4468 τιὶ

772 2969 881 3037 ibidem,
889 2966 1068 3046 πυθόμενοιοὶ
1078 2965 1336 3104 Σάμιοιτύνλύγον,

147 4499 206 4556 lius
235 4519 296 4558 csse
324 4501 454 4576 subjecti,
487 4502 590 4576 quibus
620 4503 719 4560 Croeso
773 4497 851 4558 κοινά
867 4503 922 4557 τιῦν
938 4497 1141 4571 Βαβυλωνίων·
1156 4490 1295 4555 καταστάς
1307 4489 1336 4546 δὲ

1020 4597 1070 4633 ss

771 3046 813 3105 ἐπ’
827 3043 882 3106 οἷσι
891 3047 1009 3123 α’γοίατο
1018 3048 1048 3114 ἒς
1058 3047 1116 3124 Σάρ
1133 3073 1167 3113 ις,
1181 3050 1338 3123 Postquam
1427 3069 1432 3076 ‘
