3030 5026
543 843 836 926 LECTORI
877 845 916 926 S.

639 1161 809 1176 -ι-ι-ι-

194 1371 328 1438 Pnonru
349 1371 475 1436 tandem
496 1371 529 1434 in
554 1371 658 1436 lucem
682 1372 826 1458 pluribus
850 1369 964 1436 abhinc
985 1368 1074 1434 annis
1093 1367 1281 1454 promissum

191 1477 325 1545 Lecton
352 1485 496 1538 nostrum
520 1476 728 1554 Herodorum,
755 1477 794 1540 ad
821 1474 1122 1560 Argentoratensem
1153 1471 1280 1556 quidem

190 1579 327 1646 maxime
353 1577 520 1645 Musarum
542 1578 736 1659 editionem,
749 1579 803 1644 sed
830 1590 863 1642 et
884 1575 924 1642 ad
943 1578 1019 1640 alias
1042 1564 1283 1662 quaslibetad-

190 1681 434 1754 commodatum.
479 1681 555 1748 Quo
569 1681 603 1746 in
618 1682 832 1748 concinnando
848 1703 943 1766 opere
955 1679 1035 1765 'quid
1053 1679 1095 1742 sit
1117 1679 1203 1763 quod
1222 1678 1281 1742 sim

191 1797 331 1864 secutus,
346 1785 414 1870 ipsa
434 1783 521 1849 frons
543 1796 576 1849 et
597 1785 760 1871 inscriptio
781 1786 854 1850 libri
876 1785 951 1850 satis
973 1782 1108 1848 dilucide
1124 1781 1280 1844 declarat:

192 1888 227 1952 id
241 1900 346 1952 autem
369 1888 521 1972 ipsumsi
542 1889 698 1973 probabili
724 1888 859 1974 quodam
882 1887 976 1950 modo
1002 1895 1206 1950 consecutum
1231 1907 1281 1946 me

85 1995 88 2003 '
196 2012 264 2054 esse
274 1991 481 2075 judicaverint
498 1991 532 2054 hi
555 2013 690 2076 qnorum
710 1992 744 2054 in
761 1991 820 2054 hoc
842 2012 957 2074 genere
977 1989 1133 2052 audienda
1158 1999 1284 2052 senten-

195 2093 241 2156 tia
261 2105 318 2169 est,
339 2093 535 2162 consentient
557 2093 665 2170 iidem,
688 2093 774 2158 haud
798 2092 953 2156 inutiliter
978 2091 1164 2154 collocatum
1188 2089 1282 2152 fuisse

191 2194 305 2272 otium,
321 2195 406 2279 quod
420 2195 455 2258 in
469 2205 613 2258 extremo
628 2195 703 2260 vitas
718 2194 819 2258 stadio
840 2192 949 2258 multis
964 2191 1040 2254 olirn
1056 2191 1185 2276 agitatae
1203 2203 1282 2255 tem-

191 2307 351 2381 pestatum
370 2297 519 2364 fluctibus
539 2298 649 2362 Diviui
668 2297 819 2362 Numinis
837 2308 1001 2380 acceptum
1024 2293 1091 2358 fero
1118 2294 1282 2378 indulgen-

192 2401 258 2464 tiae.
305 2399 461 2466 Omnibus
492 2401 619 2484 quidem
648 2401 788 2464 numeris
817 2423 897 2484 opus
926 2398 1193 2462 absolutissimum
1218 2419 1281 2460 non

190 2503 291 2586 magis
305 2503 340 2566 in
353 2503 413 2566 hoc
427 2525 553 2586 genere,
570 2525 666 2588 quam
683 2503 719 2576 ,in
738 2501 798 2566 alio
818 2525 989 2586 quoquam,
1005 2501 1147 2585 requiret
1173 2500 1282 2564 doctus

192 2627 368 2690 aequusque
396 2627 503 2672 rerum
531 2606 644 2670 harum
673 2605 862 2670 aestimotor:
901 2603 1046 2668 nonnihil
1081 2625 1155 2666 vero
1186 2604 1282 2666 etiam

190 2708 307 2792 partim
335 2709 423 2772 aetati
445 2701 534 2774 annis
554 2708 651 2793 gravi,
677 2709 793 2793 partim
816 2709 940 2773 obtusae
966 2708 1094 2792 penitus
1120 2706 1281 2770 oculorum

190 2810 279 2888 aciei,
296 2811 508 2876 condonatum
522 2812 561 2875 iri
575 2797 707 2876 confido.

235 2911 414 2993 Plurimum
431 2913 466 2984 in
480 2913 539 2978 hoc
558 2913 664 2984 labore
687 2913 831 2998 adjutum
853 2935 904 2976 me
926 2910 1022 2976 fuisse
1043 2911 1193 2996 profiteor
1212 2933 1283 2993 per·

191 3014 264 3077 utili
295 3037 399 3098 opera,
429 3037 524 3100 quarn
553 3017 588 3079 in
616 3015 797 3099 colligendis
826 3015 1134 3098 interpretandisque
1165 3013 1281 3076 Ionicis
1359 3040 1362 3044 ·

190 3117 369 3202 praesertim
390 3119 547 3182 vocabulis
568 3118 782 3204 loquendique
805 3118 957 3194 formulis,
979 3117 1095 3202 quibus
1119 3136 1193 3179 usus
1216 3113 1281 3178 He-

191 3222 322 3286 rodotus
345 3231 403 3298 est,
424 3221 491 3306 jam
517 3223 590 3287 olim
614 3223 763 3288 AEmt'lius
787 3221 902 3286 Portos
925 3232 1084 3304 posuerat.
1130 3218 1216 3284 Quid
1241 3218 1281 3280 sit

190 3346 266 3388 vero
290 3323 375 3407 quod
398 3323 522 3388 intersit
545 3325 629 3388 inter
654 3322 738 3388 illius
756 3324 982 3388 Dictionarr'um
1007 3322 1143 3386 Ionicum
1168 3333 1200 3384 et
1225 3343 1281 3383 no-

191 3437 294 3490 strum
322 3425 382 3490 hoc
412 3427 609 3493 Herodoteom
633 3427 775 3506 Leoiooo,
801 3427 954 3511 quisquis,
979 3425 1029 3489 vel
1056 3425 1158 3488 obiter
1186 3425 1282 3508 inspi-
1363 3416 1368 3424 ⁰

190 3533 288 3606 ciens,
317 3529 453 3594 voluerit
481 3531 615 3594 alterurn
651 3551 730 3614 opus
767 3550 840 3593 cum
873 3529 972 3592 altero
1008 3527 1161 3602 conferre,
1191 3527 1279 3590 facile

195 3628 375 3694 aestimabit.

237 3731 333 3798 Quod
355 3730 452 3796 sicui
475 3730 590 3816 bassim
613 3729 825 3816 praetermissa
847 3729 880 3794 in
904 3728 962 3794 hoc
987 3726 1106 3792 Lexico
1129 3725 1281 3790 nonnulla
1377 3761 1381 3769 ·

194 3833 392 3910 videbuntur,
415 3855 487 3918 quae
509 3835 549 3898 ad
571 3855 639 3898 rem
661 3845 694 3898 et
716 3834 757 3901 ad
775 3834 958 3898 institutum
978 3841 1121 3894 nostrum
1142 3829 1280 3914 pertine-

193 3937 290 4016 bant3
314 3937 404 4002 facile
420 3937 493 4002 huic
507 3937 613 4016 fuerit,
633 3949 666 4002 et
686 3936 810 4004 licitum
832 3935 971 4010 cuilibet,
988 3954 1060 4018 quae
1079 3932 1183 3996 desint
1204 3931 1281 4014 adji-

192 4063 263 4104 cere
278 4039 421 4124 repertis.
467 4037 600 4104 Fuerint
615 4039 678 4118 alii,
695 4039 750 4124 qui
766 4039 855 4122 copia
874 4037 1014 4100 laborare
1037 4057 1115 4120 opus
1136 4045 1280 4098 nostrum

192 4143 257 4206 sint
271 4141 493 4228 conquesturit
518 4163 598 4227 quos
615 4141 750 4206 monitos
771 4139 875 4217 velim,
891 4161 931 4202 ne
953 4139 1113 4202 invideant
1133 4133 1280 4200 studiosis

190 4245 383 4323 hominibus,
401 4244 518 4330 quibus
537 4255 626 4328 grata
646 4245 777 4306 fortasse
799 4254 832 4306 et
852 4253 980 4327 accepta
1001 4242 1109 4305 futura
1129 4251 1203 4302 sunt
1230 4259 1280 4300 eu·

192 4347 277 4423 dem,
300 4367 372 4433 quae
397 4346 473 4432 ipsis
499 4346 597 4410 nimia
616 4356 649 4410 et
672 4362 899 4431 supervacanea
918 4344 1075 4408 videntur.
1120 4339 1277 4405 Caeterum

190 4470 232 4516 ne
249 4471 306 4535 ego
326 4447 453 4535 quidem
476 4448 633 4528 invidebo,
656 4447 752 4513 immo
776 4446 958 4533 gratulabor
980 4445 1146 4511 Musarum
1167 4440 1277 4505 harum
