3158 5038
460 224 554 278 Anu
1079 224 1170 276 AEP

210 350 320 424 Λάσθη,
345 376 388 424 ης,
416 349 443 422 ἡ,
477 353 659 422 Ludibrium,
687 352 796 424 Irrisio,
850 358 905 407 tum
931 349 994 426 ipsa
1027 349 1144 408 alterius
1178 351 1265 410 verba
1299 351 1428 421 adferri,

230 433 391 503 Insultatio,
405 431 451 490 έτί
470 429 573 506 γέλωτί
595 455 623 490 τε
640 435 685 490 καὶ
705 431 797 513 λάσῶρ
849 448 907 487 non
944 429 1037 488 solum
1065 430 1235 488 sententiam
1261 437 1429 507 utcumque

231 512 329 589 είριίτα
342 511 437 583 αὐτον,
451 515 489 570 vi.
506 515 553 576 67.
568 534 602 569 m.
850 529 1023 587 expressam.
1069 509 1233 568 Observato
1249 521 1338 568 autem
1357 521 1427 568 stu-

208 592 314 669 Λαιίρη,
330 595 356 662 ἡ,
369 592 473 670 (comm.
488 590 594 670 λαῦμσ)
607 593 663 652 Via
676 596 705 652 in
718 595 795 664 urbe,
851 591 943 648 diosus
965 591 1059 659 laetor,
1075 591 1202 666 formula
1224 594 1278 648 ista
1300 611 1355 648 nvn
1376 594 1430 648 uti

229 675 250 732 i.
269 679 336 730 180.
350 676 379 748 f.
395 674 443 730 ubi
457 693 524 750 quae
538 676 712 732 nominantur
725 677 796 734 λαῦ-

229 776 276 828 ραι
290 755 395 810 eoedem
405 751 462 810 ὁδοὶ
469 755 557 829 ρουίο
572 764 645 812 ante.

209 830 347 910 Λάχεσις,
361 831 388 904 η’,
404 835 547 903 Lachesis,
562 853 618 892 uae
636 853 671 892 em
686 833 798 894 Parcis.

230 915 330 970 πολλοὶ
357 912 504 972 πεσέονται
528 912 595 990 ὑπέρ
619 912 749 992 Λάχεσίν
769 939 798 973 τε

229 990 315 1069 μόρον
329 1017 366 1065 τε,
381 995 421 1052 ix.
436 1000 486 1054 43.
502 998 531 1052 in
545 994 664 1052 Baeidis
674 996 796 1054 oraculo.

211 1071 330 1144 Λέαινα,
345 1097 386 1144 ης,
402 1072 429 1144 ἡ,
440 1075 561 1145 Leaena,
578 1076 619 1132 iii.
638 1077 705 1133 108.
721 1095 755 1134 m.

213 1158 355 1223 Λεαίνειν,
369 1152 400 1230 1)
416 1155 626 1224 comminuere,
643 1156 797 1214 Conterere

229 1238 259 1292 in
267 1238 407 1293 mortario.
417 1232 592 1309 ἐσβάλλουσι
601 1234 631 1299 ές
643 1233 743 1313 ὅλμον,
754 1239 798 1292 καὶ

229 1312 382 1393 λεήναντες
395 1313 529 1391 ὑπέροισι,
544 1317 563 1373 1.
580 1321 649 1373 200.
667 1316 692 1372 b.
713 1315 747 1373 τα
768 1315 798 1373 έκ

850 669 996 739 Nostrum,
1010 673 1065 728 nisi
1078 671 1125 728 ubi
1138 671 1172 727 ab
1192 671 1302 747 obliqua
1318 670 1428 747 (quam

852 760 951 808 vocant
980 748 1174 826 Gromrmotioi)
1201 754 1333 821 oratione,
1362 772 1428 828 qua

850 850 999 889 sermonem
1012 832 1129 888 alterius
1151 834 1261 906 'referre
1280 842 1423 908 coeperat,

851 912 889 968 ad
901 911 1038 988 reliquum
1048 931 1196 968 emmonem
1206 914 1328 969 oratione
1339 923 1425 970 reeta

851 993 1042 1067 adponendum
1075 993 1265 1070 proyreditur.
1319 992 1424 1052 Aliam

851 1075 984 1129 rationem
998 1072 1079 1130 babet
1093 1073 1166 1148 quod
1186 1074 1223 1130 vi.
1242 1074 1308 1135 137.
1328 1093 1346 1129 ο
1366 1077 1421 1142 ait,

850 1150 892 1209 ὅτι
904 1149 1049 1218 Ἑκαταῖος
1066 1148 1151 1230 ἔφησε
1163 1153 1195 1210 έν
1209 1159 1280 1212 τοῖσι
1295 1151 1422 1228 λόγοισι,

851 1231 946 1306 λέγων
960 1242 1011 1290 eto.

891 1311 925 1386 3)
956 1313 992 1370 In
1021 1311 1212 1388 Epistularum
1238 1315 1361 1382 introitu,
1390 1325 1422 1372 ei

229 1399 278 1464 τῆς
292 1401 347 1469 γῆς
360 1393 484 1473 φυόμενα
498 1401 666 1464 λεαίνοντες,
677 1397 714 1452 iv.
731 1402 796 1454 122.
850 1395 880 1449 in
901 1393 1060 1469 deferendis
1075 1391 1234 1463 Mendetis,
1250 1394 1297 1450 ubi
1313 1397 1421 1472 aliquis

230 1497 258 1534 ο.
270 1477 301 1532 id
309 1472 605 1551 estirrpiiivvrecmoli.
616 1494 678 1550 οορ.
692 1480 795 1534 120.ο.
851 1473 973 1550 loquitur
999 1475 1107 1530 nomine
1135 1482 1161 1531 et
1183 1474 1276 1530 verbis
1297 1477 1419 1534 alterius

230 1552 796 1632 2)Laevigare,undetransiotoverbiusu,
851 1557 954 1610 usitata
978 1553 1041 1610 olim
1072 1563 1134 1612 erat
1165 1554 1291 1630 formula
1319 1557 1418 1633 hujus-

228 1639 352 1692 λεαίνειν
362 1632 507 1709 τονλόγον
514 1634 798 1712 rsrdc,Loevigare(id
851 1635 923 1691 modi
932 1655 941 1690 :
956 1630 1083 1711 ’Ἄμασις
1092 1631 1262 1710 Πολυκράτεϊ
1267 1632 1317 1693 ὧδε
1327 1635 1418 1710 λέγει,

231 1724 280 1784 est,
296 1715 442 1792 Expolire,
457 1713 620 1791 Exornare)
638 1719 796 1775 orationem
850 1715 891 1771 iii.
912 1719 961 1771 40.
982 1735 1010 1772 ο.
1033 1712 1076 1770 Ν.
1101 1713 1227 1790 Ὀροίτης
1247 1715 1420 1792 Πολυκράτεϊ

229 1795 367 1872 alicujus3
399 1799 458 1854 sive
480 1797 597 1854 Laevem
616 1804 646 1854 et
668 1796 796 1872 glabram
850 1791 901 1852 ὧδε
916 1791 1004 1868 λέγει,
1018 1795 1059 1852 iii.
1078 1797 1145 1852 122.
1161 1793 1317 1873 υι.”Ανδρες
1330 1795 1417 1866 Ἀθη-

231 1877 361 1945 reddere,
390 1897 447 1953 quo
474 1877 584 1936 facilius
611 1877 642 1934 in
668 1878 796 1934 animum
850 1882 932 1943 ναῖοι,
961 1871 1117 1950 Μαρδόνιος
1143 1872 1207 1933 τάδε
1229 1875 1328 1951 λέγει,
1355 1880 1416 1937 viii.

230 1957 319 2022 intret
344 1958 508 2015 auditorum
535 1977 641 2034 eosque
668 1977 795 2015 commo·
852 1960 919 2024 140,
937 1959 964 2012 1.
979 1975 1007 2012 a.

230 2045 304 2104 veat,
333 2038 461 2114 adeoque
490 2039 696 2096 Commendare
732 2058 795 2095 eam
890 2033 924 2110 4)
951 2034 1067 2092 Verbum
1085 2031 1183 2109 λέγειν
1198 2046 1352 2113 usurpatur
1372 2037 1419 2094 ubi

231 2118 419 2176 auditoribus.
442 2115 481 2196 μή
502 2115 591 2195 ὑμέας
614 2115 796 2194 Ἀλέξανδρος
850 2119 942 2190 ορίίυτ
970 2116 1004 2172 de
1037 2114 1150 2192 Scripta
1183 2118 1310 2192 quodam,
1340 2118 1419 2193 eujus

229 2194 384 2276 ἀναγνώσῃ
397 2196 559 2280 λεῄναςτόν
573 2197 733 2274 Μαρδονίου
747 2196 796 2256 λό-
847 2197 1045 2272 Ανρυνηοαίῑιοι
1069 2199 1225 2274 exponitur.
1268 2195 1303 2256 τὰ
1326 2195 1418 2275 γράμ-

231 2299 294 2348 γον,
304 2279 364 2335 viii.
379 2283 445 2335 142.
454 2282 484 2354 s.
498 2277 580 2354 Gens.
595 2277 794 2336 Ἐσιλεαίνειν.
848 2299 924 2352 ματα
934 2272 1017 2349 ’έλεγε
1035 2273 1108 2345 τάδε,
1124 2274 1277 2355 γράμματα
1294 2276 1419 2352 λέγοντα

212 2353 326 2428 Λέγειν,
349 2358 471 2427 Dicere3
494 2369 532 2428 ut,
558 2356 634 2431 λέγω
652 2355 680 2415 δέ
696 2355 731 2415 rd
747 2357 795 2415 λέ·
850 2354 923 2426 τάδε,
934 2357 954 2413 1.
974 2361 1040 2414 124.
1057 2376 1084 2413 a.
1103 2359 1170 2419 187.
1186 2377 1213 2416 a.
1225 2362 1288 2434 ets.
1302 2360 1334 2416 ii.
1348 2363 1414 2418 106.

232 2457 315 2508 γουσι
329 2435 405 2494 αὐτοὶ
416 2435 574 2510 Αἰγύπτιοι,
584 2440 613 2495 11.
624 2444 671 2496 50.
681 2458 715 2495 m.
735 2438 796 2502 Quo
843 2440 872 2512 s.
888 2439 927 2495 iv.
942 2440 990 2494 91.
1005 2456 1032 2494 a.
1048 2436 1106 2494 viii.
1122 2442 1171 2494 22.
1186 2457 1213 2496 a.

232 2515 266 2571 de
280 2517 361 2573 verbo
375 2519 627 2575 boeeeenvtamns:
891 2514 981 2592 5(Ur
1014 2515 1145 2574 Latinum
1174 2520 1285 2577 verbum
1312 2521 1415 2590 dicere,

274 2593 305 2670 1)
328 2596 410 2660 Qvod
430 2601 470 2654 ait
488 2596 601 2663 Portus,
618 2595 649 2655 σέ
670 2593 746 2669 λέγω
767 2600 797 2655 in
849 2601 890 2656 sie
904 2607 930 2654 et
947 2597 1080 2654 Groeeum
1094 2595 1198 2671 Λέγειν
1208 2601 1324 2659 subinde
1333 2606 1417 2678 poni-

232 2675 323 2732 verbis
337 2679 407 2746 istis,
421 2678 441 2734 i.
453 2682 501 2735 32.
512 2675 797 2754 το.ε’κεῖνοδέτὸε’ίρεό
850 2688 896 2736 tur
918 2677 966 2735 ubi
989 2677 1092 2754 uliquis
1115 2678 1182 2736 Non
1203 2681 1307 2740 diserte
1324 2684 1416 2740 nomi-

231 2778 275 2830 με,
290 2752 359 2813 οὔκω
373 2780 404 2814 σε
412 2755 469 2832 ἐγώ
483 2755 567 2832 λέγω,
578 2759 649 2816 idem
660 2759 797 2816 valerano
850 2759 928 2816 navit
946 2758 975 2815 id
997 2759 1074 2834 quod
1087 2761 1234 2836 spectavit,
1258 2764 1318 2820 sed·
1332 2766 1418 2821 tacite

232 2836 275 2893 σοί
288 2834 374 2911 λέγω,
390 2839 420 2895 id
433 2840 540 2914 quidem
554 2842 642 2896 minus
664 2841 797 2896 commode
852 2839 1039 2914 Significavit.
1097 2837 1146 2896 Sis
1182 2841 1230 2898 ubi
1256 2842 1406 2902 Herodoto

225 2928 403 2994 praereptum
426 2929 476 2976 est.
520 2917 664 2977 Sententia
688 2918 798 2978 Solonis
851 2923 900 2989 ait,
911 2919 1133 2978 Themistoclem
1144 2924 1315 2996 persuasisse
1325 2925 1416 2982 Athe·

234 2995 273 3054 ibi
286 2998 349 3055 baee
363 3009 412 3069 est,
427 2996 459 3057 oi
472 3021 509 3056 κω
524 3023 555 3057 σε
569 2997 645 3074 λέγω
657 2996 797 3072 ‹inlitera-
851 3001 997 3058 aiensibus
1024 3009 1057 3057 ut
1078 3000 1215 3059 ducentas
1238 3024 1324 3063 naves
1346 3007 1416 3064 aedi-

231 3099 289 3147 τον,
305 3079 441 3136 Nondum
459 3087 488 3138 te
504 3082 568 3138 dieo
592 3082 797 3151 beatissimum,
850 3081 968 3138 fiesrent
994 3077 1024 3144 ἐς
1057 3077 1106 3137 τὸν
1133 3079 1266 3160 πόλεμον,
1294 3087 1330 3142 ad
1356 3087 1415 3143 bel-

231 3157 282 3214 ίιοο
303 3162 374 3216 enim
396 3161 527 3219 illudest
548 3162 675 3238 quodem
698 3159 799 3218 Solone
852 3161 931 3231 lum;
955 3160 1054 3236 adjicit
1066 3163 1188 3236 scriptor
1209 3164 1258 3222 τὸν
1279 3163 1349 3241 πρὸς
1365 3168 1415 3224 Αί-

236 3236 350 3296 Croesus
365 3243 543 3314 quaesiverat,
559 3244 632 3316 eoas.
648 3242 668 3298 i.
686 3245 734 3298 30.
748 3261 783 3299 m.
853 3239 972 3314 γινήτας
985 3237 1090 3314 λέγων,
1104 3241 1216 3320 Nempe
1230 3246 1336 3304 bellum
1347 3248 1416 3305 illud

273 3315 305 3391 2)
333 3318 409 3376 Idem
437 3319 550 3389 Portus,
587 3324 605 3352 “
622 3321 796 3392 Redundare
852 3323 975 3379 Dicebat
999 3322 1076 3396 quod
1097 3329 1161 3380 tum
1184 3344 1251 3382 cum
1273 3327 1415 3403 AEginetis

223 3393 274 3452 'ait
301 3398 487 3474 Partioipium
514 3397 609 3474 λέγων
634 3402 721 3458 verbo
747 3398 798 3479 ἔφη
852 3411 947 3480 ortum
960 3412 1022 3458 erat
1034 3401 1268 3475 Atheniensibus,
1282 3409 1331 3464 vii.
1349 3411 1414 3466 144.

233 3475 385 3552 adjectum,
414 3486 443 3536 et
462 3480 533 3536 nihil
560 3482 664 3538 addere
686 3481 722 3537 ad
742 3481 798 3538 hu·
852 3503 887 3539 m.
903 3501 955 3558 quo
970 3481 1027 3538 loeo
1049 3485 1079 3539 in
1098 3492 1192 3542 nostra
1206 3487 1325 3546 editione
1339 3490 1415 3547 video

227 3556 276 3631 jus
313 3558 392 3614 verbi
429 3559 696 3635 significationem.”
749 3559 799 3620 Sia
848 3583 943 3638 ρναοα
966 3562 1108 3620 verborum
1127 3564 1301 3624 distinetione
1322 3569 1415 3628 obseu-

232 3638 293 3693 Νῦν
306 3661 343 3706 τε,
356 3634 408 3716 ἔφη
421 3636 524 3713 λέγων,
537 3641 577 3698 111.
594 3644 696 3716 reos.
713 3640 798 3699 Simi-
852 3653 941 3700 ratam
969 3661 1027 3700 esse
1064 3645 1211 3719 scriptoris
1244 3653 1413 3707 sententium.

232 3716 297 3775 liter
312 3738 338 3776 v.
355 3723 402 3777 36.
420 3740 455 3779 m.
476 3730 503 3779 et
517 3725 565 3779 49.
587 3742 621 3778 m.
643 3721 722 3778 Mibi
731 3725 797 3797 for·
855 3722 1014 3798 Oportebat,
1040 3725 1261 3799 quemadmodum
1280 3740 1355 3788 reete
1368 3733 1415 3789 de·

232 3798 316 3856 mnlae
339 3801 387 3857 isti
409 3819 441 3858 ea
461 3805 503 3859 vis
528 3804 617 3859 inesse
641 3804 701 3859 visa
726 3813 796 3874 erat,
852 3805 952 3861 derant
971 3805 1128 3878 superiores
1147 3808 1289 3879 editiones,
1312 3809 1417 3876 νέας-

232 3898 312 3953 quam
326 3881 355 3936 in
376 3879 480 3940 Latine
500 3885 624 3940 versione
643 3884 686 3940 bis
707 3883 798 3941 verbis
851 3882 1022 3954 nordoardus
1036 3880 1175 3952 διηκοσίας
1183 3885 1213 3952 ἐς
1227 3886 1415 3969 τὸντόλεμον,

233 3962 381 4033 expressi:
405 3962 539 4020 Perrexit
550 3964 663 4020 dicere:
686 3962 798 4022 Rursus
851 3963 901 4022 τὸν
927 3962 995 4040 πρός
1022 3963 1178 4037 Αἰγινήτας
1204 3967 1308 4043 λέγων,
1337 3982 1364 4030 et
1386 3975 1415 4030 in

232 4035 272 4094 ix.
289 4043 317 4094 2.
337 4043 366 4114 f.
382 4036 493 4116 έφασαν
506 4039 638 4115 λέγοντες
653 4053 798 4118 potueram
852 4048 977 4102 versione
992 4043 1097 4102 Latino
1113 4052 1307 4125 reponendum,
1323 4053 1415 4112 Naves

231 4117 359 4187 reddere,
390 4122 436 4179 Sic
471 4123 566 4179 dicere
597 4135 795 4200 perrexerunt.
851 4127 1028 4182 -dueentas
1042 4125 1218 4188 edificarent
1231 4131 1267 4189 ad
1288 4133 1412 4203 bellum;

201 4265 206 4277 Ι
234 4196 374 4256 Commode
394 4219 458 4258 vero
488 4201 604 4271 Weiske,
627 4206 671 4260 vir
692 4205 796 4272 doetus,
852 4202 975 4282 (nempe)
1002 4205 1109 4263 bellum
1142 4210 1238 4269 dicens
1273 4211 1415 4290 AEgineti·
1488 4207 1492 4214 ⁴

230 4280 260 4334 in
281 4277 373 4336 libello
394 4283 442 4356 qui
459 4282 619 4340 Pleonasmi
641 4285 734 4340 Graeci
753 4287 796 4342 in·
851 4306 927 4344 eum.

229 4358 369 4429 scribitur,
397 4380 426 4436 p.
459 4365 525 4418 112.
551 4367 662 4431 monuit,
690 4365 797 4439 adiecto
891 4371 991 4448 λεγομ.
1003 4381 1030 4428 et
1038 4394 1136 4448 γενομ.
1142 4373 1248 4446 passim
1255 4384 1414 4450 permutan-

230 4442 282 4496 isto
301 4443 456 4516 participio
482 4443 642 4518 siqnifieare
664 4442 795 4502 Herodo—
851 4457 898 4505 tur
911 4468 929 4504 a
943 4449 1078 4522 librariis,
1098 4462 1128 4512 ut
1148 4452 1186 4509 iv.
1215 4455 1282 4510 112.
1303 4464 1374 4513 eutr.
1390 4465 1416 4512 et
