3174 5040
429 259 519 312 KAP

178 384 296 461 Κάρσος,
309 408 361 454 εος,
373 383 412 451 τό,
424 389 444 443 ι’.
455 405 481 462 q.
491 382 523 444 τό
531 381 637 460 κράτος.
655 383 703 442 Sic
714 380 762 441 mir

198 463 229 523 τό
243 463 378 542 μέγιστον
392 464 489 542 κάρτος
506 461 612 540 ἔχοντα
630 465 763 522 edebatur

199 547 263 602 otim
276 547 335 603 viii.
352 551 380 603 2.
396 567 431 602 m.
447 547 520 622 quod
534 549 623 602 teneri
637 547 762 620 fortasse

200 626 333 694 debebat‚·
354 637 384 683 ut
398 626 467 683 abibi
480 627 588 702 quidem
602 644 763 682 communem

200 707 326 763 vocabuli
343 710 465 782 sormam
486 703 584 782 κρότος
608 715 764 764 constanter

201 795 293 843 tenent
306 787 373 842 libri
386 806 485 844 omnes.

180 863 300 942 Κόρφος,
320 889 373 936 εος,
388 865 428 937 τό,
444 867 574 936 Festuco,
592 867 690 935 Palea,
706 865 763 924 Te-

201 967 258 1002 nue
286 947 356 1022 ligni
383 949 546 1004 frustulum.
568 943 672 1024 κάρφεα
696 948 765 1004 dicit

202 1025 308 1084 Noster
322 1028 443 1085 Bacillos
462 1028 525 1084 itbos
543 1029 601 1084 siue
621 1028 764 1084 Convolu-

201 1115 246 1163 tos
267 1117 367 1166 tenues
391 1109 519 1178 cortices,
542 1127 608 1183 quos
630 1108 764 1164 Cinamo-

200 1206 282 1244 mum
300 1189 345 1244 oet
360 1188 511 1246 Cinamum
529 1189 609 1263 oubpo
628 1207 765 1254 vocamus,

202 1267 243 1323 iii.
261 1271 329 1324 111.
345 1289 371 1325 u.

182 1351 285 1416 Κασίη,
300 1371 341 1418 ης,
361 1344 389 1418 ἡ,
405 1348 497 1416 Casia,
519 1349 648 1405 odoratus
663 1351 765 1423 frates

203 1437 229 1484 et
243 1447 346 1485 aroma.
395 1429 463 1484 Vide
482 1429 529 1485 tib.
549 1429 590 1485 iii.
611 1449 673 1504 cup.
695 1433 763 1484 110.

202 1517 250 1565 tot.
274 1518 300 1565 et
319 1511 349 1566 ii.
372 1511 423 1566 86.
450 1529 484 1565 m.
511 1510 559 1566 ubi
582 1519 766 1565 memorantur

204 1585 310 1666 σμύρνη
330 1591 374 1646 καὶ
393 1593 475 1658 κασίη
489 1590 533 1645 καὶ
548 1586 582 1646 τά
602 1587 680 1646 ἄλλα
695 1585 765 1644 tvd-

203 1691 279 1745 ματα
292 1668 369 1740 πλην
383 1665 551 1742 λιβανωτοῦ.

183 1752 362 1826 Κασσίτερυς,
378 1773 418 1818 ου,
432 1747 457 1819 ό,
474 1751 623 1819 stannum,
637 1749 678 1806 iii.
697 1753 764 1806 115.

204 1849 238 1886 m.
255 1839 282 1886 et
293 1833 323 1905 f.

183 1906 310 1985 Κάστωρ,
325 1933 396 1987 ορος,
411 1907 435 1979 ὁ,
457 1911 550 1978 Fiber,
567 1910 677 1966 Castor.
702 1906 766 1966 ε’νύ-

205 1988 276 2064 δριες
290 1992 333 2046 καὶ
344 1987 476 2066 κάστορες
484 1991 530 2046 καὶ
544 1986 620 2046 ἄλλα
635 1991 716 2065 θηρία
725 2013 767 2046 τε·

205 2067 474 2146 τραγωνοπρόσωπα,
489 2072 526 2127 iv.
545 2074 619 2133 109.,

185 2147 276 2219 Rari,
293 2153 461 2226 praepositio
483 2159 638 2207 constructa
662 2151 768 2208 Lcum

208 2229 347 2298 Genitioo,
362 2231 500 2306 sipnifieot

249 2308 280 2383 1)
292 2311 362 2380 Sub,
375 2313 488 2368 Subier-
500 2310 684 2388 ἀφανίζεσθαι
699 2305 768 2366 κατά

205 2392 255 2460 τῆς
269 2388 424 2460 θαλάσσης,
436 2392 484 2448 vii.
498 2395 526 2448 6.
539 2409 573 2446 m.
583 2393 611 2466 f.
623 2387 768 2447 καταδεδυ-

205 2469 283 2528 κέναι
304 2469 373 2528 κατά
392 2474 441 2540 τῆς
458 2468 613 2539 θαλάσσης,
632 2471 682 2528 vii.
698 2475 767 2528 235.

202 2571 230 2608 o.
246 2571 281 2608 m.

246 2627 279 2706 2)
301 2631 356 2699 De,
382 2631 522 2706 Desuper,
546 2631 699 2688 Deorsum.
725 2627 776 2712 ἐρ.δ

205 2711 316 2785 ῥίπτεον
342 2707 460 2775 ἑωυτούς
487 2708 556 2768 κατά
589 2713 637 2767 τοῦ
663 2713 769 2785 τείχεος

205 2788 287 2858 κάτω,
302 2791 361 2848 viii·
377 2796 425 2848 53.
439 2811 474 2848 ru.
483 2793 513 2866 f.
529 2788 577 2848 τόν
598 2787 677 2848 νέκυν
699 2786 769 2846 κατά

207 2875 255 2928 τοῦ
265 2874 373 2947 τείχεος
385 2867 598 2947 κατακρεμάσαι,
612 2872 643 2926 ii.
663 2875 728 2936 121,
741 2875 768 2928 3.

206 2971 241 3010 m.
256 2954 314 3008 κατ’
327 2948 420 3026 άκρης,
435 2953 499 3008 uide
513 2947 647 3025 ίαἋκρη.

248 3029 281 3106 3)
295 3028 365 3088 κατά
379 3028 474 3100 odron,
489 3031 518 3087 A
532 3040 622 3106 tergo,
638 3031 657 3086 i.
675 3031 722 3091 75.
737 3032 767 3104 f.

207 3111 254 3168 ubi
275 3110 344 3168 MS.
372 3109 434 3168 Vnt.
461 3113 569 3187 quidem
597 3105 667 3166 κατά
695 3111 769 3166 νῶτα

202 3194 336 3266 praefert.
364 3188 423 3248 Sed
436 3188 508 3250 κατά
521 3188 607 3248 νότου
621 3193 769 3265 usurpavit

204 3274 287 3328 etium
305 3271 431 3348 Tbucpd.
446 3273 487 3328 iii.
506 3275 573 3328 108.
597 3268 665 3328 Kor’
684 3269 768 3338 οίκου,

206 3352 294 3408 Domi
313 3353 441 3410 ediderat
461 3351 581 3408 Gronov.
604 3351 642 3407 vi.
663 3353 711 3408 39.
732 3370 767 3406 m.

207 3433 434 3502 consentientibus
448 3441 566 3508 quotuor
581 3431 708 3506 probetis
722 3449 768 3486 co-

128 3571 133 3578 ,
207 3511 323 3578 dinibus,
334 3511 381 3568 ubi
393 3513 500 3587 quidem
515 3510 597 3568 Wess.
612 3508 668 3567 nur’
678 3510 769 3574 οίκους

206 3595 338 3665 reposuit.
355 3589 423 3648 Κατ’
436 3589 535 3648 ἄλλων
547 3587 712 3666 διεξέρχεται
726 3591 768 3646 ed.

208 3669 317 3745 Scboef.
341 3672 400 3728 viii.
427 3676 476 3729 98.
499 3675 528 3746 s.
554 3671 601 3728 ubi
627 3671 679 3728 aiii
703 3669 770 3728 libri

207 3771 297 3807 omnes
315 3750 372 3808 κατ’
392 3747 484 3808 ἄλλον
501 3753 674 3827 prceferunt.
690 3745 768 3808 viror

207 3828 277 3888 κατά
291 3834 338 3888 τοῦ
350 3829 438 3908 ἱρηίου
451 3830 663 3896 ἐπισπείσαντες
676 3832 706 3888 ii.
720 3835 767 3888 39.

207 3931 235 3967 n.
251 3914 450 3987 interpretatus
466 3933 524 3968 sum
544 3912 689 3968 Adversus
709 3913 768 3968 vic·

207 3992 324 4061 timam3
348 3992 390 4050 H.
408 3993 576 4068 Stephanus,
599 4011 685 4067 supra
701 3993 768 4049 hos-

206 4072 295 4140 tiam;
320 4071 488 4141 Gronovius,
504 4074 588 4130 Circo
600 4072 733 4128 hostiam.

248 4152 291 4209 ΙΙ.
307 4150 388 4210 Κατὰ
403 4172 527 4229 praepos.
542 4154 769 4228 frequentissime

206 4251 266 4290 cum
278 4232 414 4292 Accusat.
431 4236 609 4302 construitur,
625 4234 707 4290 vario
726 4243 770 4290 at-

1039 263 1131 318 ΚΑΤ

815 361 958 460 spondeat,
978 387 1027 443 sed
1046 397 1077 444 ut
1092 391 1199 463 passim
1215 391 1378 448 commodius

817 468 898 523 etiam
912 466 976 524 otiis
995 477 1078 543 utque
1092 469 1156 525 otiis
1175 471 1261 527 modis
1275 469 1377 528 lutino

816 566 938 603 sermone
948 548 1094 606 reddatur.
1118 547 1378 626 Usrrrpaturnutem

860 625 934 701 1)ιά
952 630 1133 704 sipnificondo
1153 629 1294 706 Tempore.
1309 633 1379 689 κατό

817 704 1378 786 τόναύτθνχρόνον,Οἰτοαὶθθῐαῐαωραι,

818 787 929 845 Eodem
951 797 1088 864 tempore,
1110 791 1150 848 iii.
1177 795 1244 848 131.
1261 797 1288 870 s.
1311 793 1380 849 κατά

818 865 867 924 τόν
888 865 959 925 κατά
981 874 1101 946 Κροῖσον
1121 867 1233 947 χρόνον,
1248 872 1269 928 i.
1286 871 1335 932 67.
1350 893 1378 930 a.

818 947 887 1006 κατά
898 946 947 1006 τόν
957 947 1088 1026 πρότερον
1097 949 1231 1028 πόλεμον,
1242 952 1311 1009 ibid.
1324 950 1382 1010 κατ’

818 1026 919 1106 α’ρχάς,
929 1031 1026 1100 Initio,
1035 1031 1076 1088 iii.
1091 1036 1158 1089 153.
1169 1031 1194 1088 b.
1207 1029 1276 1088 κατά
1283 1029 1381 1112 '‘Apu-

819 1131 864 1166 σιν
872 1106 1072 1182 βασιλεύοντα,
1079 1109 1145 1168 ἀλλ’
1153 1109 1185 1168 ου’
1193 1110 1262 1170 κατά
1273 1117 1379 1179 τοῦτον,

819 1189 971 1265 Regnante
979 1191 1088 1260 Amasi,
1099 1211 1156 1248 non
1167 1192 1220 1248 hoc
1232 1203 1379 1267 regnante,

818 1270 849 1326 ii.
863 1275 930 1328 134.
944 1291 978 1328 m.
995 1268 1130 1340 sancierit
1144 1268 1303 1348 Καμβύσεω
1318 1278 1382 1331 νοῦ-

820 1373 871 1406 σον
884 1348 966 1425 (Quo
980 1359 1107 1426 tempore
1121 1354 1279 1426 aegrotabat
1294 1355 1381 1411 Cem-

818 1427 916 1506 byses)
930 1430 1042 1504 ἐγένετο
1056 1428 1129 1500 τάδε,
1144 1433 1185 1489 iii.
1200 1437 1266 1490 120.
1282 1453 1309 1489 α.

860 1507 893 1586 2)
907 1511 943 1568 In
955 1513 1137 1588 siqnificando
1151 1511 1235 1569 Loco.
1255 1510 1293 1578 ιός
1312 1513 1382 1571 κατά

819 1593 897 1648 τοῦτο
910 1588 940 1648 τά
954 1595 1059 1668 χωρίον
1072 1591 1211 1665 ἐγίνοντο,
1226 1593 1383 1670 Postquam

819 1671 867 1728 Ad
889 1670 997 1747 (Circo,
1013 1670 1122 1748 Prope)
1143 1693 1209 1730 eum
1223 1673 1318 1731 locum
1332 1694 1393 1731 ve·-

819 1762 924 1810 nerunt
929 1753 969 1810 iii.
979 1757 1025 1810 86.
1033 1773 1061 1810 ο.
1070 1749 1140 1810 κατά
1148 1751 1234 1810 τωύτό
1243 1757 1382 1826 γίνεσθαι,

820 1832 888 1890 Una
908 1853 978 1901 esse,
998 1834 1036 1890 iv.
1054 1837 1121 1890 119.
1141 1853 1170 1890 ο.
1192 1830 1254 1908 (ubi
1274 1835 1383 1910 quidem

820 1912 985 1988 intettipitur
996 1913 1031 1970 1n
1040 1913 1139 1970 eadem
1148 1933 1208 1970 esse
1219 1912 1383 1989 sententis.)

820 1991 851 2048 ui
863 1989 973 2069 ἔχιδναι
988 1993 1057 2051 κατά
1071 1998 1169 2050 πᾶσαν
1183 1990 1234 2062 τόν
1250 1997 1306 2068 γῆν
1320 1995 1382 2059 εἶσὶ,

820 2074 862 2130 iii.
880 2077 947 2130 109.
962 2076 990 2149 f.
1005 2069 1142 2149 κατέσχον
1160 2070 1210 2137 τάς
1228 2077 1294 2138 νέας
1314 2071 1383 2133 κατά

820 2150 965 2230 Ταμύνας,
977 2154 1013 2211 vi.
1032 2157 1098 2210 101.
1108 2175 1134 2210 ο.
1149 2151 1219 2210 κατά
1232 2153 1337 2230 χιόρην,
1348 2155 1384 2212 In

821 2233 892 2302 loco,
916 2237 975 2292 Suo
995 2235 1065 2290 loeo.
1092 2233 1169 2308 (vide
1193 2231 1299 2310 Χόρη.)
1323 2231 1384 2312 εἶχε

821 2312 880 2370 κατ’
901 2315 999 2381 vincor,
1014 2315 1102 2372 Domi
1116 2334 1146 2372 se
1162 2315 1263 2384 tenuit,
1277 2317 1316 2372 vi.
1333 2320 1382 2374 39.

822 2413 857 2450 m.
869 2392 910 2450 Ν.
922 2392 1008 2452 ἐπεάν
1022 2391 1091 2451 κατά
1105 2395 1183 2451 τοῦτο
1198 2395 1323 2472 γένωμαι
1337 2398 1385 2452 τοῦ

822 2471 919 2546 λόγου,
935 2475 1059 2536 Quando
1077 2475 1113 2532 ad
1131 2475 1212 2532 illum
1226 2475 1319 2532 locum
1333 2473 1381 2550 (nd

822 2553 900 2610 illam
913 2553 1037 2630 partem)
1051 2555 1219 2612 narrationis
1232 2573 1305 2612 mene
1319 2575 1383 2631 per·

822 2651 937 2702 venero,
952 2634 989 2692 vi.
1009 2639 1055 2692 19.
1072 2653 1099 2692 ο.
1124 2631 1209 2692 Ἰέναι
1231 2633 1300 2692 κατά
1321 2633 1384 2700 τούς

823 2714 930 2778 ἄλλους
944 2710 1007 2777 τούς
1021 2710 1177 2788 προϊόντας,
1194 2714 1240 2770 Ire
1255 2715 1291 2772 ud
1304 2716 1382 2784 alios,

822 2793 946 2849 eundem
959 2813 1056 2850 versus
1070 2794 1182 2861 locum3
1205 2795 1264 2850 sive
1283 2795 1383 2851 endem

822 2873 876 2940 via,
889 2892 947 2946 qun
960 2873 1007 2928 alii
1017 2874 1201 2947 praeivernnt,
1216 2873 1255 2928 ix.
1269 2879 1317 2930 53.
1335 2873 1382 2930 Si·

822 2953 933 3016 mititer,
947 2951 1116 3015 invertitur
1130 2950 1187 3008 κατ’
1198 2950 1290 3021 αότόν,
1303 2953 1385 3010 Misit

823 3033 1020 3098 (eunuchorum
1045 3028 1254 3107 fidelissimum)
1284 3033 1382 3090 eadem

822 3113 869 3168 via
881 3132 938 3187 qua
951 3113 998 3168 ille
1013 3113 1067 3168 iter
1082 3111 1234 3178 direxerat,
1245 3112 1285 3167 iii.
1302 3117 1331 3170 4.
1346 3133 1381 3170 m.

823 3194 866 3248 καὶ
885 3189 943 3248 κατ’
961 3190 1047 3248 ου’τὸν
1065 3188 1149 3248 άλλοι
1167 3187 1329 3263 ἀνέβαινον,
1344 3193 1385 3250 Et

822 3273 943 3348 vestigia
965 3272 1051 3347 hujus
1073 3272 1202 3346 legentes
1229 3272 1384 3330 adscende-

822 3353 892 3409 bant
903 3353 960 3420 alii,
974 3353 993 3408 i.
1010 3355 1058 3408 84.
1068 3355 1097 3426 s.
1110 3349 1273 3408 Rectissime
1280 3355 1384 3428 forsan

823 3429 1020 3496 diacrinomeni
1033 3430 1097 3496 τούς
1110 3428 1216 3496 άλλους
1227 3441 1253 3490 et
1263 3432 1321 3490 κατ’
1334 3433 1384 3490 ου’·
1470 3485 1472 3490 ,

821 3509 879 3581 τόν,
895 3516 924 3570 in
938 3513 1006 3570 iocis
1015 3515 1144 3587 proxime
1155 3515 1255 3582 citatis,
1267 3517 1386 3590 proprie

821 3593 893 3648 idem
906 3593 1001 3650 catere
1020 3612 1053 3649 oc
1071 3591 1141 3650 κατά
1159 3589 1247 3657 πόδας
1260 3593 1384 3669 (Secun-

822 3673 890 3728 dum
910 3673 1044 3748 vestigia)
1064 3674 1119 3729 τῶν
1143 3669 1252 3741 ἄλλων,
1272 3673 1386 3730 etrusci

820 3750 908 3817 πόδας
941 3751 1033 3820 αὐτοῦ,
1062 3771 1116 3828 qua
1141 3753 1267 3826 formula
1298 3755 1386 3810 utitur

822 3831 930 3890 Noster
943 3834 983 3890 ix.
1001 3836 1049 3890 89.
1065 3853 1100 3888 ru.
1116 3829 1196 3895 obrue
1209 3831 1280 3888 κατά
1298 3831 1386 3898 πόδας

823 3911 887 3990 ἐμεῦ
901 3909 1039 3969 ἐλαύνων.

853 3997 992 4068 Περιῆγον
1003 3990 1052 4066 (ου’
1056 3987 1115 4066 τὸν)
1126 3988 1196 4049 κατά
1207 3987 1270 4054 τούς
1281 3993 1385 4060 θησαυ-

822 4071 895 4149 ρούς,
911 4072 1172 4130 Circumduxerunt
1185 4073 1266 4130 illum
1275 4071 1311 4128 ln
1323 4073 1386 4130 the-

824 4173 943 4222 sauros3
975 4155 1034 4209 sive
1059 4152 1234 4211 distributive
1259 4155 1387 4228 occipere

823 4234 965 4302 mutueris,
986 4234 1043 4289 Per
1056 4232 1214 4301 thesauros,
1229 4237 1277 4308 qui
1291 4251 1386 4308 nempe

206 4331 258 4388 que
286 4318 368 4371 varin
395 4317 512 4383 notione,
541 4317 581 4370 itu
606 4313 715 4388 quidem
741 4323 772 4370 ut
820 4315 920 4390 piures
934 4323 1015 4370 erant
1027 4315 1095 4388 νομί,
1106 4313 1126 4370 i.
1139 4318 1188 4370 30.
1199 4333 1226 4370 c.
1239 4312 1287 4370 Sic
1296 4335 1386 4370 κατοι-

209 4391 316 4450 Graeca
344 4395 442 4452 vocula
467 4395 631 4470 pierumque
660 4392 771 4451 Latinis
825 4397 937 4471 κημένοι
961 4391 1031 4450 κατά
1054 4391 1156 4470 κόμας,
1172 4395 1342 4450 Habitantes
1356 4393 1385 4448 in

208 4474 293 4532 Circa
318 4484 368 4532 aut
396 4475 561 4533 Secundum
586 4475 703 4532 monime
727 4494 771 4532 re·

825 4475 915 4545 vicis3
936 4476 1017 4532 sive:
1041 4473 1150 4532 Possim
1169 4493 1220 4548 per
1234 4475 1310 4532 vicos
1328 4474 1387 4530 dis-
