3068 5028
356 262 446 316 ΕΠΕ
968 263 1059 318 EIIE

120 385 208 444 ε’πεάν
218 385 272 466 μὲν
283 387 398 446 δέωνται
409 389 542 466 χρᾶσθαι,
553 387 686 446 ὲνταννό-
740 390 812 469 χθῇς
826 394 988 466 ναυμαχίην
999 388 1169 468 ποιεόμενος,
1181 394 1240 452 viii.
1252 399 1301 462 68,

121 484 194 525 ουσι·
217 469 305 526 ἐπεάν
319 467 348 525 δὲ
361 469 530 546 χρήσωνται,
549 466 685 539 ὲκλόουσι,
741 475 769 524 2.
780 488 807 526 a.

121 549 151 604 ii.
172 551 239 611 173.
255 569 289 605 m.
720 545 899 615 Ἐπεικάζειν,
924 552 1080 629 Conjicere‚
1103 553 1303 631 conjecturam

156 627 189 703 2)
205 626 585 704 Sadimdeparticalcirrcdr
600 632 687 686 utitur
740 631 842 686 facere.
866 627 903 694 άς
928 629 957 688 δὲ
979 629 1124 690 ἐπεικάσαι
1148 633 1225 708 (olim
1251 635 1303 690 olii

122 709 229 766 Noster
252 709 301 766 adi
325 729 384 766 eam
411 729 464 767 moa
489 719 686 785 exspectasses,
740 707 916 785 ἀπεικάσαι)
935 709 963 774 ἐς
982 709 1065 769 πέντε
1082 711 1218 788 μυριάδας
1235 718 1303 770 συλ-

122 791 173 846 sed
192 789 242 847 ahi
263 790 375 848 uerbum
389 791 462 866 qaod
477 793 506 847 im
523 792 634 865 protasi
647 800 687 848 est
741 789 984 861 timiamateriis,
999 793 1040 848 ix.
1057 796 1106 850 32.
1115 795 1144 868 f.

122 890 181 926 eam
202 870 302 940 altero,
325 871 398 946 qaod
418 873 447 928 iu
469 869 593 946 apodasi,
615 889 686 928 cam·
719 866 855 938 Ἐπεῑυαι,
875 868 924 946 (od
945 871 1019 948 Εἰμὶ,
1041 870 1137 948 Sum,)
1167 871 1198 947 1)
1219 874 1304 932 Ineu-

121 952 227 1007 modias
244 969 301 1026 per
317 950 501 1026 copulativam
516 949 686 1026 particulam
739 967 800 1024 per,
814 950 923 1008 Praeter
932 962 1052 1008 oaeteroa
1063 971 1124 1008 esse
1138 953 1183 1010 oel
1193 954 1300 1012 adesse.

123 1031 339 1107 cmjaupemdom
353 1031 444 1087 videri
452 1039 579 1106 poterat.
599 1027 686 1086 ε’πεάν

122 1109 184 1176 τοός
193 1108 356 1187 βραχίονας
366 1108 562 1187 ἐπιτάμωνται,
573 1107 604 1168 τό
615 1105 686 1186 αίμα

120 1190 309 1268 ἀναλείχουσι
328 1189 474 1259 α’λλήλων,
496 1191 516 1248 i·
532 1192 579 1252 74.
593 1193 623 1262 s.
639 1191 686 1248 ubl

121 1276 188 1328 satis
199 1281 263 1329 erat
277 1269 341 1336 τοός
350 1268 509 1348 βραχίονας
517 1268 684 1346 ε’πιτάμνον-

123 1375 167 1408 ται
181 1354 227 1409 καὶ
241 1361 293 1408 etc.
310 1352 433 1408 Brachia
445 1353 499 1408 sibi
512 1352 643 1408 incidunt
656 1359 686 1408 et

122 1433 292 1508 sauguinem
305 1440 406 1489 mutuo
417 1432 541 1507 lingunt.
551 1429 640 1488 ε’πεάν
653 1429 685 1488 ἐν

121 1520 191 1568 τοῖσι
205 1511 593 1591 Ἀρμενίοισι-ποιήσωνται,
609 1533 685 1588 περι-

122 1597 241 1650 τείνουσι
260 1589 380 1650 τοότοισι
394 1602 445 1649 etc.
461 1593 481 1650 i.
504 1595 571 1649 194.
592 1612 620 1648 a.
639 1591 687 1648 ubi

121 1675 285 1749 simpliciter
293 1675 386 1730 dicere
392 1681 504 1747 poterat
509 1675 631 1729 ποιέουσι
641 1672 685 1728 red

122 1757 304 1829 περιτείνουσι
310 1763 359 1810 etc.
365 1750 451 1810 ε’τεάν
458 1751 522 1816 rade
530 1755 685 1828 κλυστῆρας

122 1833 285 1903 πλήσωνται
300 1843 351 1890 etc.
366 1835 396 1890 ii.
413 1833 461 1894 87.
477 1853 505 1890 a.

103 1911 281 1990 Ἐπεγείρειυ,
297 1915 441 1982 Exedere,
467 1913 570 1970 Denuo
589 1914 684 1970 conci-

122 2006 191 2053 tare.
208 1995 348 2070 ἐπηγέρθη
362 1991 393 2069 (η’
402 1991 564 2066 Ταλθυβίου
577 1991 683 2069 μῆνις),

124 2076 284 2133 Recruduit
303 2075 449 2150 Talthybii
471 2075 522 2143 ira,
545 2075 591 2130 vii.
617 2077 682 2135 137.

123 2176 150 2212 α.

104 2234 228 2308 Ἐπέδρη,
243 2259 283 2304 ης,
299 2233 326 2305 ἡ,
342 2233 417 2310 (Ιοα.
429 2255 484 2311 pro
497 2232 609 2312 ἔφέδρα)
624 2235 685 2292 Ob-

123 2317 204 2384 sidio,
238 2317 324 2372 Mora
353 2317 442 2372 hostis
470 2317 544 2372 cirea
573 2318 683 2372 urbem.

123 2394 192 2454 a‘r'ore
202 2395 315 2472 ἐπέδρης
328 2393 367 2473 μη
378 2391 452 2452 εἶναι
462 2392 547 2470 ’ἔργον
561 2398 593 2476 τῇ
603 2417 686 2470 στρα-

123 2479 175 2558 τιῇ,
189 2479 209 2533 i.
224 2479 273 2539 75.
281 2481 311 2550 f.
328 2475 414 2551 (coms.
430 2473 542 2552 Ἕδρη.)
555 2477 616 2532 οὔτε
631 2473 687 2550 γάρ

122 2555 240 2634 ἐπέδρην
248 2553 378 2615 ε’σευόεον
387 2553 598 2626 ποιήσασθαι,ν.
606 2561 686 2614 65.α.

103 2635 188 2707 Ἐπεὶ,
199 2647 230 2695 ut
240 2639 318 2712 apud
330 2637 402 2694 allos
412 2647 547 2705 auctores,
559 2639 600 2694 sic
610 2638 688 2711 apud

123 2719 270 2787 Nostrum,
295 2722 325 2776 im
349 2716 524 2774 Narratione
549 2719 688 2794 sipnichat

125 2801 301 2876 Postquami
329 2799 359 2854 im
384 2797 581 2874 Disputatioae
605 2799 686 2858 Quo-

124 2882 210 2948 niam,
233 2878 483 2953 Quandoquidem.
521 2875 571 2935 Sic
590 2881 618 2934 im
637 2878 688 2934 illa

123 2959 211 3036 ῥήσει,
221 2961 281 3016 viii.
301 2965 368 3016 111.
380 2979 415 3015 m.
427 2957 485 3016 ἐπεὶ
498 2955 640 3033 Ἀνδρίους
654 2981 688 3030 γε

124 3038 197 3098 εἶναι
207 3043 372 3114 γεωπείνας,
382 3041 493 3096 violetur
500 3036 557 3094 ἕπεὶ
568 3039 688 3094 redelen-

125 3123 189 3178 dum
217 3123 373 3188 Caeterum,
403 3120 522 3187 Verum,
558 3118 624 3186 Sed,
659 3127 689 3174 at

124 3203 204 3278 apud
221 3200 381 3277 Thucydi.
399 3203 446 3256 12.
462 3219 489 3256 a.
517 3197 689 3274 Frequenter

125 3302 191 3339 vero
212 3281 289 3338 Ἐπεὶ
308 3285 338 3338 im
357 3283 479 3336 oratioue
499 3279 609 3354 obliquo
630 3297 689 3334 oum

125 3362 270 3438 Infinitive
290 3362 467 3418 construitur.
491 3357 549 3416 ἐπεὶ
568 3354 607 3415 ὧν
626 3356 689 3422 rode

126 3439 306 3516 νεηνίας-ίό
310 3465 356 3498 ναι
367 3438 401 3498 τό
410 3443 503 3516 πρῶτα
510 3450 560 3497 etc.
569 3441 599 3497 ii.
607 3444 689 3496 tam.

125 3523 173 3581 obi
184 3525 250 3582 alde
258 3522 294 3580 N
293 3533 327 3578 ot.
338 3523 398 3580 ε’πεί
412 3521 437 3577 οἱ
453 3515 691 3598 γενομένουςτοός

124 3603 228 3669 παῖδας
239 3601 423 3679 α’νδρωθῆναι,
432 3603 469 3658 ἰν.
481 3607 528 3658 10.
539 3621 566 3658 α.
585 3600 690 3657 Simitt-

125 3696 168 3742 ter
182 3705 210 3743 v.
227 3689 276 3743 84.
292 3705 329 3740 m.
347 3684 395 3740 vii.
414 3687 480 3740 150.
497 3685 526 3756 s.
545 3682 604 3738 viii.
623 3683 688 3737 135.

125 3787 153 3823 α.
168 3787 203 3822 m.
223 3766 305 3840 Coos.
322 3767 399 3840 imfuo
412 3760 490 3818 Ἐπεί
503 3785 540 3818 τε.

166 3847 226 3902 Pro
239 3845 300 3902 ἐπεὶ
314 3842 352 3913 δὲ,
368 3845 441 3920 qood
454 3847 550 3900 vitiose
564 3841 627 3897 olim
641 3839 690 3896 vii.

127 3931 196 3984 219.
210 3948 238 3984 α.
255 3925 405 4002 ίοροδαίατ,
420 3920 526 3980 ἔπειτεν
536 3923 620 3997 posui
633 3939 693 3976 cam

130 4006 301 4082 Sodoesero:
328 4008 431 4062 rectius
453 4022 517 4060 uero
535 4003 628 4078 faerit
648 3997 693 4056 ἐπὶ

740 1027 910 1098 πεντήκοντα
918 1029 1046 1106 μυριάδες
1054 1032 1099 1088 καὶ
1106 1036 1167 1106 μία,
1176 1032 1303 1108 χιλιάδες

739 1131 769 1166 τε
781 1105 871 1168 ἔπεισι
884 1107 929 1168 ε’π1
943 1109 1057 1189 ταότησι
1071 1109 1152 1181 ἑπτά,
1166 1115 1215 1170 vii.
1234 1119 1302 1172 184.

739 1208 774 1246 m.
792 1188 928 1248 Similiter
941 1192 989 1250 vii.
1006 1197 1072 1250 185.
1081 1194 1109 1266 f.

781 1265 813 1342 2)
828 1270 965 1340 Praeeeee,
982 1272 1154 1330 Praefectum
1169 1291 1240 1330 esse.
1256 1278 1302 1330 καί

740 1361 788 1426 σφι
795 1350 867 1418 ε’πῆν
875 1349 1029 1428 στρατηγός
1039 1348 1302 1428 Κλεόμβροτοςμίἰί.

740 1431 788 1492 71.
801 1450 829 1488 ο.
842 1451 876 1488 m.
888 1429 997 1502 ε’πῆοαν
1009 1429 1148 1488 ἑκάστοισι
1161 1431 1302 1508 ε’πιχιόριοι

739 1505 886 1606 ἡγεμόνες,
900 1514 948 1570 vii.
964 1516 1013 1570 96.
1030 1533 1057 1571 α.
1076 1508 1170 1570 ἔπεστί
1192 1523 1239 1590 σφι
1258 1511 1301 1572 δε-

740 1611 854 1659 σποτης,
870 1589 963 1669 νόμος,
977 1593 1025 1651 vii.
1044 1597 1110 1650 104.
1125 1613 1160 1650 m.
1169 1597 1198 1668 s.

781 1667 813 1746 8)
828 1671 865 1728 Iu
876 1673 922 1728 sel
931 1693 1016 1749 super
1030 1674 1125 1749 aliqua
1136 1693 1167 1730 re
1177 1693 1247 1732 esee.
1256 1673 1302 1732 ἐπὶ

739 1755 786 1806 τοῦ
799 1751 1029 1829 καταστρώματος
1037 1751 1176 1811 ἐπεόντων
1188 1759 1302 1831 συχνῶν

739 1828 878 1905 Περσέων,
888 1835 945 1890 viii.
957 1838 1063 1890 llum.
1070 1832 1162 1898 ’Ἅλυς
1169 1832 1303 1910 ποταμός,

738 1907 781 1966 ἐπ’
800 1907 821 1988 ᾧ
842 1907 931 1970 πόλοι
951 1909 1049 1980 ἔπεισι,
1073 1913 1163 1988 Halys
1187 1914 1300 1982 fiuviuS,

740 1991 904 2065 Superque
922 1990 982 2065 (uel
996 1993 1088 2066 Super
1101 1989 1201 2066 quem)
1219 2001 1302 2068 portu

739 2080 791 2139 est,
807 2091 833 2127 v.
850 2077 899 2128 52.
914 2092 941 2128 ο.
956 2071 1033 2152 ε’ντῇ
1052 2070 1169 2152 αἱμασιῇ
1180 2069 1299 2142 ἐπῆσαν,

739 2151 775 2208 In
809 2152 931 2210 maceria
965 2152 1082 2208 Inerant
1114 2152 1245 2228 portulae,
1279 2153 1300 2210 i.

742 2235 809 2288 180.
831 2235 861 2307 s.
888 2230 919 2290 τό
939 2228 1062 2290 παλαιόν
1085 2229 1172 2288 πόλοι
1193 2231 1302 2302 ἐπῆσαν

741 2308 786 2384 (ἐν
806 2317 842 2390 τῷ
861 2309 959 2389 τείχεϊ)
981 2312 1079 2370 Inerat
1092 2313 1160 2370 olim
1177 2322 1260 2388 porta
1272 2315 1302 2371 in

743 2409 836 2462 muro,
853 2393 901 2450 vii.
925 2397 991 2454 176.
1013 2412 1047 2450 m.
1080 2391 1187 2450 Eodem
1200 2396 1305 2469 referri

737 2482 853 2546 possamt
866 2473 1014 2530 locutiones
1033 2475 1171 2548 quaedam,
1191 2476 1221 2530 ia
1258 2477 1303 2531 αι’-

741 2550 791 2608 όιιο
804 2551 928 2610 ’Erotivm
938 2573 993 2628 pro
1004 2553 1124 2628 simplici
1135 2553 1217 2610 aerbo
1230 2494 1303 2612 eloai

737 2635 858 2706 positum
879 2635 970 2690 uideri
985 2643 1107 2708 poterat.
1130 2635 1184 2690 mir
1205 2631 1303 2692 ἄλλων

741 2710 1303 2791 πλοίωνδιαφθειρομένωνοόκέπῆνάριθ·

741 2791 802 2869 μός,
815 2794 881 2850 Non
895 2803 956 2850 erat
969 2793 1036 2868 (vel,
1049 2795 1115 2852 Non
1128 2792 1234 2870 inerat)
1249 2815 1303 2852 nu-

741 2892 849 2942 merus,
860 2875 910 2930 vii.
929 2879 996 2932 191.
1013 2895 1038 2930 a.
1053 2876 1121 2944 siae,
1141 2875 1214 2948 quod
1232 2875 1305 2932 lniri

743 2973 800 3008 non
827 2955 952 3029 potuerit
979 2973 1124 3021 numerus,
1149 2956 1208 3010 sive
1232 2955 1305 3028 qaod

744 3033 837 3090 Initus
856 3053 913 3090 non
931 3033 1027 3100 fuerit,
1048 3052 1129 3107 qoam
1147 3034 1176 3087 ia
1194 3041 1304 3088 sentem-

744 3116 818 3178 tlom‚
831 3114 871 3170 ix.
887 3117 936 3170 32.
946 3115 975 3188 s.
991 3115 1039 3179 ait,
1055 3107 1111 3168 οίδε
1125 3109 1213 3174 οὐδεὶς
1226 3109 1304 3185 άριθ-

743 3192 807 3266 μόν,
819 3191 851 3250 ου’
866 3190 921 3268 γάρ
928 3187 971 3249 ’ὧν
982 3188 1183 3268 ἠριθμήθησαν.
1209 3191 1305 3254 Quare

744 3273 792 3330 ουίι
802 3272 871 3342 ἐπῆν
880 3269 995 3350 άριθμδς
1003 3273 1214 3347 reddisortosse
1223 3273 1305 3330 debe-

745 3355 800 3424 bat,
816 3355 881 3412 Nou
901 3354 1031 3412 exstabat
1049 3352 1129 3428 (Non
1143 3351 1306 3428 constabat)

744 3455 889 3492 numerus.
914 3434 1060 3501 Similiter,
1071 3437 1251 3508 Ταραντίνων
1260 3432 1308 3492 οὐκ

744 3513 828 3584 ἐπέην
839 3513 962 3592 α’ριθμδς,
972 3515 1020 3572 vii.
1036 3516 1101 3577 170.
1108 3517 1136 3589 f.
1151 3513 1185 3570 Im
1195 3516 1306 3581 oraculo

746 3597 819 3672 quod
832 3597 932 3672 lepitar
942 3597 980 3654 vi.
997 3599 1044 3663 86,
1057 3601 1083 3652 3.
1099 3595 1182 3650 liabeo
1195 3593 1249 3652 οὐδ’
1261 3591 1308 3650 ἔπι

746 3675 812 3751 (pro
834 3673 923 3734 'e'rresm
947 3685 996 3732 aut
1019 3675 1073 3732 εἰσὶ
1097 3670 1185 3748 αότῷ)
1206 3683 1306 3748 χεῖρες,

746 3753 809 3813 ouidi
829 3753 920 3822 πόδες,
940 3757 1004 3814 Non
1021 3761 1087 3810 eunt
1100 3755 1126 3808 ei
1139 3771 1240 3810 manus
1254 3773 1307 3810 uec

747 3839 843 3911 pedae.

727 3913 862 3984 fEreirae,
874 3916 973 3981 Adire,
986 3913 1049 3970 vide
1063 3908 1188 3968 Ἐπιέναι
1199 3912 1233 3968 alt
1242 3909 1308 3994 εἶμι,

749 3997 802 4052 Ec.

129 4085 166 4156 di,
180 4084 213 4162 (i.
227 4106 251 4144 e.
263 4084 308 4142 ἐπὶ
322 4081 415 4162 τούτῳ,
429 4085 499 4140 Post
509 4079 609 4154 huus)
621 4079 694 4156 qaod
727 4073 863 4142 Ἐπεῖυαι,
874 4071 949 4148 (Ιοα.
956 4092 1011 4148 pro
1020 4069 1140 4150 ἐφεῖναι)
1148 4071 1181 4128 ab
1190 4072 1310 4150 Ἐρίημι,

133 4166 229 4224 Volcis.
254 4173 392 4222 suaserat.
426 4163 493 4220 Vide
514 4163 554 4218 ibi
571 4159 641 4218 Not.
668 4169 694 4215 et

130 4250 202 4322 coms.
218 4246 279 4302 viii.
295 4245 379 4319 (il-s·

108 4323 299 4397 Ἐπείγεσθαι,
307 4325 474 4400 Properate.
483 4320 513 4386 ἐς
522 4318 694 4396 καιρόνὲπεί-

749 4157 812 4212 vide
822 4157 899 4228 iufra
913 4157 943 4210 io
956 4151 1091 4210 Ἐπιέυαι.

728 4237 915 4304 Ἐπείνυοθαι,
926 4233 1001 4308 (Ῐοα.
1010 4252 1065 4309 pto
1076 4229 1256 4310 ε’φέννυοθαι)
1264 4234 1310 4307 lq.

749 4312 894 4373 ε’νδόεοθαι
909 4315 953 4371 acl
970 4311 1162 4379 ἐπενδόεοθαι,
1178 4313 1312 4378 Induere,

131 4406 269 4478 γεσθε,1ν.
279 4409 381 4462 luem.
391 4401 480 4479 δρόμιρ
488 4397 694 4477 ἐπειγομένους,
751 4398 880 4472 Superne
893 4396 1021 4452 induere.
1037 4391 1067 4448 ἐκ
1085 4386 1312 4464 τῶνάποδερμά-

130 4487 169 4542 vl.
191 4490 256 4542 112.
274 4505 308 4542 m.
324 4484 383 4542 viii.
398 4485 446 4546 37.
462 4503 497 4539 m.
513 4478 549 4550 ἢν
562 4478 601 4558 με)
621 4479 694 4536 ε’πει·
750 4500 805 4534 των
818 4478 943 4551 χλαίνας
958 4472 1119 4530 ἐπείνυσθαι
1132 4473 1250 4538 ποιεῦσι,
1266 4469 1313 4529 Ex

990 4571 1009 4606 Α
1032 4571 1051 4606 ι
