3068 5028
472 259 569 310 BAA
1087 253 1181 306 BAP

251 383 322 458 γόνυ
332 382 384 454 τὴν
392 382 478 444 πόλιν
486 381 584 456 ἔβαλε,
595 381 703 459 Infelix
716 401 813 459 pugna
867 377 981 454 λέσθαι)
990 378 1087 453 γόνον,
1095 381 1130 437 de
1136 399 1221 437 uacca
1228 379 1252 436 F
1253 385 1437 436 oetumutero

250 466 358 522 navalia
386 467 423 524 In
449 484 527 542 genu
553 465 673 540 projecit
699 465 812 532 urbem,
869 461 1048 536 concipiente
1072 461 1173 538 teqitur
1193 461 1234 517 iii.
1258 464 1307 516 28.
1329 479 1365 515 m.
1388 459 1439 514 ubi

252 546 412 622 Oppressit,
437 547 473 602 In
497 547 665 602 servitutem
691 544 812 620 redegit,
870 551 967 598 eontra
981 541 1114 599 librorum
1128 559 1295 609 concentum,
1315 549 1439 614 etprae-
1522 565 1523 568 ¹

250 628 289 683 vi.
306 631 354 688 27.
362 629 391 698 s.
407 624 476 683 Not.
868 619 1151 690 terneoeaeitatem,e‘c
1160 618 1284 696 γαστέρα
1293 615 1439 692 λαβέσθαι

293 703 327 781 2)
346 707 454 774 Perire,
475 705 547 762 Telo
564 706 642 782 jacto
661 705 812 780 attingere.
870 702 958 758 edidit
972 701 1080 776 Satias.
1100 702 1241 758 Caeterum
1253 697 1373 771 βαλέειν
1388 700 1437 756 ael

253 783 315 842 οὕτε
334 784 491 858 πληγέντα,
506 781 569 842 οὔτε
583 781 738 857 βληθέντα,
754 783 814 840 Nec
868 777 973 852 βαλεῖν
987 779 1090 850 ἐσθῆτα
1100 801 1156 858 pro
1170 777 1283 852 λαβεῖν,
1293 781 1322 836 11.
1337 781 1386 842 37.
1400 799 1439 836 m.

252 866 382 923 cominus
408 885 585 942 percussum,
613 884 666 923 noc
691 864 814 921 Eminuc
866 880 1019 937 perperam
1030 861 1128 936 plures
1139 863 1303 937 preferant
1316 860 1393 916 libri.

251 947 310 1003 telo
321 947 420 1014 ictum,
434 947 471 1002 vi.
488 947 556 1008 117.
572 965 605 1002 nt.
910 940 943 1017 6)
957 938 1084 1018 άγκνραν
1103 939 1285 1014 βαλλέσκετο,
1300 936 1438 1015 (Imperf.
1522 991 1523 994 ,

273 1023 306 1100 3)
318 1022 481 1098 βάλλεσθαι
500 1049 525 1082 τι
544 1023 574 1089 ἐς
593 1021 688 1100 θυμόν,
708 1024 815 1082 Animo
869 1020 991 1078 Ionicum
1011 1041 1066 1097 pro
1087 1018 1240 1094 ἐβάλλετο)
1268 1021 1301 1077 In
1326 1028 1437 1077 terram

252 1105 360 1182 aliquid
379 1107 513 1163 mandare
532 1113 562 1162 ct
580 1107 697 1181 agitare,
714 1106 813 1181 Repu·
870 1102 995 1177 defigere
1008 1104 1108 1160 solitus
1122 1111 1183 1159 erat
1197 1117 1340 1169 ancoram,
1353 1119 1439 1176 quam
1522 1137 1523 1144 .

252 1193 314 1243 tare
327 1205 434 1243 seeum.
456 1183 485 1249 ἐς
504 1182 592 1264 θυμόν
609 1182 701 1257 βαλεῦ
715 1186 744 1241 τό
758 1207 814 1240 ιτα-
870 1182 995 1240 eioricce
1008 1183 1115 1260 ninyam
1130 1177 1211 1240 cen'ea
1222 1181 1438 1256 catenaretiqa-

252 1261 336 1323 λαιόν
350 1263 425 1336 έπος,
439 1267 488 1323 vii.
505 1270 554 1322 51.
563 1269 592 1340 s.
608 1263 668 1321 τόδε
682 1263 711 1328 ἐς
725 1263 814 1342 θυμόν
869 1271 923 1318 tam
933 1263 1068 1338 qestabat,
1083 1264 1123 1320 ix.
1145 1264 1192 1324 74.
1207 1281 1234 1318 a.
1269 1259 1316 1316 De
1336 1260 1440 1318 Ionica

250 1343 343 1418 βαλεῦ
354 1343 391 1410 ιός
402 1355 454 1404 ete.
468 1346 526 1402 viii.
541 1350 589 1402 68.
599 1348 628 1420 f.
638 1343 760 1421 ἐφράσθη
771 1348 814 1401 καὶ
869 1342 1118 1418 uerbifarmatioue
1131 1339 1279 1407 Βαλλέειν,
1292 1349 1319 1397 et
1332 1341 1368 1398 de
1382 1361 1438 1397 an·
1522 1397 1523 1400 ,

251 1424 281 1490 ές
302 1424 391 1504 θυμόν
404 1423 523 1498 ἐβάλετο
542 1421 656 1500 (τοῦτο),
678 1426 698 1480 i.
719 1430 767 1482 84.
783 1429 814 1500 s.
869 1425 1079 1498 tiquataforma
1094 1421 1222 1490 Βαλέειν,
1238 1422 1381 1496 antequa·
1395 1423 1439 1478 ad
1522 1455 1523 1494 1

251 1503 280 1570 ἐς
294 1503 383 1582 θυμόν
394 1503 483 1578 ἔβαλε
495 1503 525 1562 τό
538 1502 623 1580 ῥηθέν
633 1507 725 1561 activa
735 1505 814 1562 uerbi
868 1507 1041 1578 cauponatum
1048 1505 1159 1561 uerbum
1165 1498 1438 1581 Συμβάλλεινὶαβα
1522 1543 1523 1582 3

244 1589 342 1660 souma
355 1595 396 1642 est
410 1589 439 1642 in
458 1585 521 1643 Vita
539 1583 622 1640 Hom.
639 1603 701 1658 cap.
719 1589 767 1642 30.
783 1605 810 1643 α.
867 1592 999 1640 notamus.

251 1665 360 1722 Eadem
380 1669 488 1723 notione
510 1664 648 1721 Homerus
671 1663 713 1720 ἐνὶ
735 1665 813 1741 φρεσὶ
848 1666 1003 1733 Βαναυσίη,
1019 1686 1060 1732 ης,
1075 1659 1103 1732 ἡ,
1119 1663 1283 1738 Opificium‚
1299 1661 1356 1718 Ara
1376 1663 1435 1718 ael-

250 1744 358 1821 (dativo
367 1743 446 1820 casu)
454 1743 566 1817 βάλλεο
575 1745 809 1822 σῇσιθὶαέεΗιάά.
866 1742 977 1813 lularia,
991 1745 1022 1801 ii.
1040 1747 1107 1800 165.
1116 1747 1145 1819 f.
1162 1744 1232 1799 idem
1246 1744 1320 1818 quod
1332 1765 1436 1818 χειρω-
1522 1755 1523 1764 ’

250 1831 286 1883 A.
303 1831 371 1889 297.
388 1836 414 1882 et
427 1827 518 1883 attat.-
544 1825 676 1900 quemad
688 1829 811 1900 formam
868 1823 957 1892 ναξίη,
972 1843 1035 1898 οαρ.
1053 1825 1120 1885 167.
1137 1843 1171 1880 m.

248 1905 383 1964 Reisitiua
393 1927 448 1982 pro
462 1904 497 1962 τά
509 1907 585 1982 θυμῷ
594 1901 770 1982 βουλόμενοι,
782 1925 809 1963 v.
847 1900 979 1972 Βάπτειν,
992 1905 1126 1980 Tingere.
1138 1903 1240 1980 εἵματα
1247 1899 1434 1980 βεβαμμένα,
1522 1895 1523 1898 ¹

248 1990 297 2044 49.
312 2007 345 2045 m.
360 1984 396 2044 τά
410 1990 486 2065 θυμῷ
499 1983 655 2061 βαλόμενοι
669 1988 811 2060 οοννίμεα-
867 1983 957 2040 Pietae
970 1992 1072 2052 vestes,
1090 1984 1136 2041 vii.
1152 1985 1201 2045 67.
1217 2003 1256 2040 m.

249 2068 312 2123 dum
334 2071 448 2137 censuit,
469 2067 516 2124 ubi
538 2075 627 2122 tamen
646 2075 811 2122 constantem
846 2060 1001 2138 Βάραθρον,
1020 2062 1061 2131 τό,
1076 2065 1164 2120 Fossa
1182 2063 1325 2138 profunda
1338 2062 1433 2120 Athe-

249 2147 379 2202 la'brorum
413 2151 584 2221 scripturam
618 2149 713 2202 merita
748 2149 812 2202 tuiti
865 2145 917 2212 nis,
946 2147 975 2201 in
1003 2163 1083 2220 quam
1106 2143 1366 2219 proeeu‘pe'tabautur
1395 2145 1436 2200 ad
1522 2151 1523 2154 ’

247 2235 312 2282 sunt
332 2229 388 2281 uiri
409 2227 490 2282 docti.
533 2223 689 2300 Perperam
703 2227 810 2300 quidem
865 2223 915 2279 itae
928 2227 1095 2300 supplicium
1105 2225 1287 2293 condemnati,
1298 2225 1348 2280 vii.
1361 2229 1431 2282 133.

246 2301 414 2381 βουλόμεναι
425 2305 563 2381 οιιίραιανι
577 2307 658 2360 ettam
672 2305 735 2360 otim
749 2315 811 2362 erat
865 2322 892 2359 a.
908 2303 949 2360 Ν.

242 2405 299 2460 pua
312 2381 476 2461 βαλόμενοι,
497 2385 538 2440 iii.
563 2385 611 2444 71.
620 2387 649 2458 s.
665 2385 716 2440 aed
729 2385 768 2442 tau·
780 2389 809 2442 in
846 2381 1042 2460 Βαρβαρίζειν,
1055 2386 1181 2442 Barbare
1192 2384 1281 2458 loqui,
1290 2383 1322 2440 ii.
1333 2384 1384 2445 57.
1394 2403 1431 2440 m.

245 2461 353 2539 βαλομ.
364 2475 413 2521 aut
421 2461 546 2540 βαλλομ.
555 2473 630 2520 reete
641 2467 811 2523 consentiunt
845 2460 1026 2540 Βαρβαρικός,
1042 2462 1059 2534 ἡ
1072 2462 1115 2532 όν,
1129 2465 1303 2530 Extremus,
1320 2464 1433 2520 Barba·

245 2547 347 2619 scripti
359 2545 425 2600 libri
439 2563 537 2600 omnes.
863 2543 947 2600 ricus.
973 2542 1063 2620 ὄνομα
1084 2541 1253 2612 Ἑλληνικόν
1277 2546 1323 2599 καὶ
1346 2540 1380 2598 οὔ
1406 2568 1433 2600 τε

279 2621 312 2696 4)
320 2625 365 2680 ἐπὶ
375 2621 473 2680 ἑαυτοῦ
481 2620 643 2696 βάλλεσθαι
652 2622 809 2682 Gronovius
862 2618 1045 2700 βαρβαρικόν,
1060 2626 1100 2681 111.
1118 2630 1185 2681 115.
1200 2643 1235 2681 m.
1252 2623 1302 2680 ubi
1320 2625 1434 2698 quidem

246 2705 275 2758 in
290 2702 368 2760 Nota
387 2704 426 2760 aui
443 2705 483 2760 iii.
504 2705 551 2765 71.
566 2706 594 2776 s.
610 2706 809 2778 interpretatus
863 2703 941 2758 codd.
956 2704 1083 2762 nonnulli
1095 2701 1255 2780 βάρβαρον,
1272 2703 1347 2780 quad
1366 2705 1433 2760 uide
1522 2709 1523 2774 ἦ

247 2793 290 2839 est
308 2784 345 2840 In
366 2803 396 2840 se
420 2784 515 2858 ipsum
536 2783 644 2857 aliquid
662 2786 807 2859 recipere:
862 2801 896 2837 ne
911 2801 1004 2840 uerum
1016 2787 1062 2840 ait.

244 2883 325 2938 quam
338 2867 499 2920 sententiam
514 2871 540 2919 et
553 2863 619 2918 attia
635 2866 705 2920 utria
722 2863 809 2921 dantia
842 2858 1031 2938 Βάρβαρας,ό,
1042 2861 1231 2932 ἡ.Βατ1)αταε,
1245 2865 1432 2933 Barbaricas,
1522 2865 1523 2904 3

239 2945 387 3020 probatam
413 2943 502 2999 uideo.
553 2941 668 2999 Reatino
695 2941 807 3013 Portus,
862 2941 1032 3000 Extraneua
1057 2939 1138 3007 ἐθνος
1159 2941 1319 3019 βάρβαρον,
1339 2945 1360 3001 i.
1382 2950 1432 3002 58.
1522 3001 1523 3004 ,

246 3026 351 3082 Secum
385 3024 445 3080 solo
478 3023 644 3090 deliberare,
681 3023 802 3081 Consul-
861 3017 1024 3098 α’ποῤῥαγέν
1034 3021 1090 3079 α’πό
1102 3027 1150 3080 τοῦ
1163 3020 1312 3100 βαρβάρου
1327 3021 1359 3080 τό
1370 3021 1431 3080 Ἰω-
1522 3025 1523 3080 J

245 3113 314 3174 tare,
335 3106 411 3160 Rem
431 3105 462 3160 in
483 3104 579 3160 animo
599 3123 652 3158 suo
673 3103 748 3159 ultro
767 3105 807 3160 ci·
862 3099 939 3158 νικόν
961 3107 1060 3178 φῦλον,
1082 3105 1141 3160 viii.
1167 3107 1213 3160 19.
1240 3123 1267 3160 a.
1283 3101 1354 3179 x(ubi
1379 3105 1433 3161 atti
1522 3115 1523 3118 ’

244 3191 346 3257 troque
370 3186 490 3240 Jaetare.
535 3181 584 3239 Sic
607 3179 649 3238 ἐπ’
672 3180 809 3258 ἐμεωυτοῦ
860 3177 1058 3258 βαρβαρικοῦ,)
1099 3181 1201 3258 κράνεα
1241 3182 1432 3257 πεπλεγμένα

244 3258 404 3337 βαλόμενος
429 3258 533 3335 ἔπρηξα
560 3259 612 3336 (so.
639 3259 739 3336 τοῦτο),
767 3264 807 3320 111.
860 3259 961 3334 τρόπον
974 3260 1038 3319 τινά
1050 3259 1201 3338 βάρβαρον
1214 3265 1263 3320 aim
1282 3263 1431 3337 εὐαπήγη-
1522 3307 1523 3322 .

247 3344 393 3396 155.a.m.
409 3341 808 3400 Remecumsolodeliberata
860 3362 918 3408 τον,
934 3343 981 3398 vii.
999 3346 1046 3398 63.
1063 3363 1090 3400 a.
1110 3345 1193 3419 Gaas.
1209 3345 1326 3408 Ξεῐνος.

245 3419 300 3473 feci
318 3419 392 3486 hoc3
415 3420 530 3486 scilieet,
550 3427 644 3476 tecum
658 3439 716 3476 non
729 3441 806 3480 eom·
840 3417 1072 3499 Βαρβαρόφωνιις,
1091 3420 1117 3486 ό,
1138 3421 1166 3492 ἡ,
1186 3423 1316 3480 Barbara
1328 3425 1433 3499 lingua
1522 3433 1523 3488 3

245 3498 397 3554 manicavi.
442 3499 490 3555 Sic
504 3495 631 3573 ὠφείλετε
653 3497 695 3554 ἐπ’
713 3497 806 3575 όμέων
858 3498 1105 3578 loquens-‘apaten
1123 3501 1362 3580 βαρβαρόφωνον,
1378 3506 1431 3562 vii.

244 3573 337 3632 αὐτῶν
349 3573 504 3652 βαλόμενοι
516 3573 620 3633 ποιέειν
633 3581 729 3648 ταῦτα,
744 3582 804 3637 De·
859 3583 907 3635 20.
923 3601 958 3638 m.
971 3585 1000 3638 iu
1014 3580 1099 3639 Orac.
1111 3579 1337 3659 βαρβαρόφωνος
1351 3581 1431 3656 ἶϋγη,

244 3657 353 3714 bebetis
367 3659 420 3713 hoc
433 3659 524 3714 facere
540 3656 586 3712 Re
605 3677 671 3713 cum
691 3662 804 3718 nemine
857 3657 1000 3718 Barbarus
1033 3663 1147 3730 clamor,
1182 3665 1224 3722 ix.
1254 3669 1304 3722 43.
1333 3683 1369 3722 m.
1401 3667 1432 3721 in

243 3736 298 3792 alio
311 3737 528 3804 communicata,
544 3737 663 3810 Proprio
676 3741 802 3810 consilio,
861 3735 946 3796 Orac.

242 3816 340 3876 iii.7l.
345 3814 423 3888 [ὥτ’
433 3813 541 3873 ἑωυτῶν
550 3811 802 3890 βαλλόμενοιέκτι-
837 3814 930 3890 Βάρις,
957 3843 1006 3888 ιος,
1034 3817 1061 3888 ἡ,
1091 3821 1207 3897 Navigii
1239 3843 1334 3899 genus
1368 3845 1430 3900 quo
1522 3811 1523 3898 1

244 3915 299 3947 σαν
313 3892 363 3960 τὴν
373 3892 465 3964 πόλιν,
479 3895 603 3952 Consilio
615 3896 746 3968 privatim
757 3899 801 3954 in·
858 3905 976 3954 utuntur
1003 3901 1144 3975 AEgyptii,
1170 3903 1250 3973 cujus
1279 3913 1431 3962 structura
1522 3901 1523 3952 Ῠ

243 3977 288 4026 ter
314 3990 343 4026 ae
368 3973 447 4040 inito,
471 3995 502 4030 re
527 3995 580 4030 non
606 3979 801 4034 communicata
855 3978 1021 4034 describitur
1033 3981 1083 4036 lib.
1104 3982 1135 4036 ii.
1151 4001 1177 4039 c.
1194 3966 1243 4039 96.
1260 3979 1426 4041 ἀπικνέεται
1522 3973 1523 4046 i

244 4067 304 4103 cum
321 4052 428 4122 fratte,
447 4055 485 4108 iv.
503 4057 570 4109 160.
592 4074 618 4110 a.
639 4053 665 4109 oi
678 4051 800 4126 ἄγγελοι
854 4054 882 4118 ές
895 4053 1013 4126 ἑκάστην
1026 4057 1217 4137 πόλινβάρις,
1233 4064 1263 4118 11.
1280 4067 1332 4120 41.
1344 4085 1380 4120 m.
1399 4065 1433 4121 ἐν
1522 4053 1523 4122 1

241 4124 287 4181 ε’πὶ
310 4126 400 4201 σφέων
422 4128 524 4185 αὐτέων
545 4129 728 4209 βαλλόμενοι,
755 4137 800 4192 Re
853 4131 1074 4212 ἐκάστῃβάρι,11.
1086 4143 1135 4196 60.
1147 4140 1234 4210 aaut
1243 4141 1343 4218 βάριν,
1355 4145 1431 4204 ibid.

240 4205 375 4277 privatim
388 4208 462 4262 inter
475 4228 504 4264 ae
519 4209 681 4278 deliberata,
697 4215 731 4268 de
745 4235 800 4288 qua
853 4235 889 4271 m.
924 4213 1036 4274 Pluuai.
1060 4217 1089 4274 ai
1108 4216 1195 4294 βάρις
1215 4221 1368 4296 (eontuaet.
1383 4221 1433 4282 'ea
1522 4209 1523 4250 1

240 4301 338 4356 nempe
351 4286 390 4340 ad
404 4285 534 4342 Senatum
548 4287 734 4364 Populumque
750 4295 798 4348 de·
852 4291 963 4366 βάριες)
973 4298 1002 4352 ii.
1016 4302 1064 4352 41.
1079 4319 1114 4355 m.
1125 4298 1160 4354 τά
1169 4307 1268 4377 φορτία
1277 4299 1337 4358 ἔδεε
1348 4327 1430 4378 στερι-
1522 4305 1523 4372 i

239 4363 357 4418 buerant
368 4367 486 4437 referre,
498 4385 525 4420 v.
542 4367 589 4426 73.
599 4371 628 4439 f.
852 4370 974 4445 άγεινέν
982 4373 1079 4451 βάρισι
1090 4383 1150 4450 περὶ
1159 4378 1190 4436 τό
1200 4379 1346 4452 Δέλτα,11.
1357 4386 1430 4446 179.
1522 4379 1523 4382 ¹

267 4438 314 4516 “5)
329 4439 357 4504 ές
369 4442 492 4517 γαστέρα
502 4440 661 4514 βάλλεσθαι
671 4444 731 4520 (ael
743 4446 797 4520 βα
845 4456 874 4525 f.
912 4452 962 4509 Ea
981 4457 1011 4511 ii.
1037 4461 1086 4514 96.
1103 4461 1132 4532 f.
1152 4462 1276 4537 intetttqi
1303 4465 1430 4533 uidetur,
1522 4491 1523 4548 1
