3068 5028
350 249 446 304 EMc

984 255 1039 308 EN

121 385 191 434 τοῖσι
217 381 385 435 Παταίκοῖσι
411 378 620 458 ἐμφερέστατον,
643 380 684 438 iii.
743 387 786 436 tra
794 379 880 450 diem,
889 381 909 438 i.
925 385 991 440 126.
1001 401 1030 439 α.
1044 347 1229 448 διεξελθιύνθίν
1239 391 1301 466 τῇσι

122 463 169 518 37.
186 477 214 514 α.
228 478 263 514 m.
280 462 369 516 πτίλα
385 468 456 516 τοῖσι
471 465 520 529 τῆς
538 460 687 538 νυκτερίδος
742 458 941 536 τεσσεράκοντα
950 458 1302 540 ἡμέρησιτύχωρίον,ίί.29.

121 546 245 613 πτεροῖσι
255 537 453 616 ἐμφερέστατα,
464 541 495 599 ii.
507 545 555 604 76.
561 545 591 617 s.
604 542 685 618 Cous.
742 557 775 596 m.
784 538 967 606 διεξελθόντες
978 546 1070 618 χῶρον
1078 540 1186 600 πολλθν
1195 541 1224 600 ε’ν
1232 549 1302 602 πολ-

122 617 331 715 Προσεμφερής.
744 623 810 700 λῇσι
827 615 952 702 ἡμέρῃσι,
968 623 1024 680 Per
1041 624 1136 698 plures
1155 625 1304 682 continuas

106 695 312 774 Ἐμφορεεσθαι,
336 701 405 756 Sese
431 699 551 776 replere,
580 702 617 758 Se
641 720 687 759 sa·
742 700 812 765 dies,
832 701 861 757 ii.
886 705 932 759 32.
954 721 989 758 m.
1012 699 1133 778 περήσας
1154 703 1305 761 θάλασσαν

124 779 204 846 tiare,
237 779 431 854 Ingurgitare,
455 781 505 838 Ad
530 782 689 840 satietatem
745 777 892 848 πολλήνὲν
900 784 1032 838 πολλοῖσι
1042 780 1151 857 μήνεσι,
1162 783 1259 841 inca.
1268 805 1302 842 m.

124 854 288 933 (Largiter)
308 860 351 916 uti
371 859 467 936 aliqua
488 879 529 918 re.
563 862 688 931 Croesus,
744 856 776 915 ἐν
803 857 896 938 τούτρ,
925 862 1005 918 Inter
1031 863 1103 932 haec,
1127 863 1253 932 Interea,
1283 865 1303 921 i.

124 937 312 995 veracitatem
338 939 471 1016 Delphici
498 941 605 998 oraculi
638 961 689 1000 ex·
748 942 814 996 126.
827 959 854 998 o.
867 941 982 998 stolidi.
996 940 1027 998 ἐν
1040 938 1238 1020 φ,-ε’ντου’τφ
1252 953 1304 1001 etc.

124 1026 232 1091 pertus,
246 1016 402 1096 ἐνεφορέετο
412 1020 505 1088 αὐτοῦ,
514 1021 691 1096 Largitoreo
745 1019 990 1087 Dum,—intsrim
1011 1031 1060 1079 etc.
1078 1022 1117 1079 vi.
1137 1027 1184 1080 89.
1204 1043 1233 1080 α.
1258 1023 1306 1081 Sic

126 1115 192 1152 usus
212 1105 268 1166 est,
291 1097 424 1174 Largitur
443 1101 497 1158 sibi
517 1102 547 1158 in
567 1120 602 1158 eo
621 1120 690 1158 oon·
746 1101 827 1156 etium
845 1101 884 1158 iv.
901 1104 950 1174 95.
965 1119 993 1159 o.
1008 1121 1043 1159 m.
1064 1101 1111 1158 ubi
1125 1099 1157 1158 ἐν
1170 1098 1191 1179 φ
1205 1121 1261 1178 pro
1273 1101 1305 1160 ἐν

126 1166 247 1232 sulendo
269 1176 399 1246 indulsit,
417 1180 437 1237 i.
461 1185 511 1238 55.
531 1199 558 1237 α.
579 1179 627 1238 ubi
643 1177 692 1237 ούιι
745 1173 853 1256 φτόπφ
866 1182 972 1256 accepi,
986 1182 1174 1256 quodfactum
1187 1181 1304 1251 υοίίιευι,Ι

127 1253 283 1331 ἐνεφορέετο
296 1257 438 1334 dependam
455 1263 612 1335 suspicatus
631 1269 692 1317 erut
746 1269 846 1316 uomet
859 1259 898 1316 its·
911 1260 946 1316 dc
963 1258 1098 1336 Tempore
1117 1264 1220 1338 opiter.
1239 1260 1308 1319 Vide

128 1334 243 1405 Portus,
279 1337 333 1394 doc
371 1345 514 1410 sententio,
548 1339 593 1398 Eo
633 1359 692 1398 uon
746 1337 815 1396 Not.
831 1340 870 1398 cd
882 1341 910 1397 d.
927 1340 946 1396 ί.

129 1415 303 1486 Satiabatur,
332 1417 378 1474 Eo
405 1419 509 1494 repleri
540 1420 692 1496 satiarique
788 1417 822 1494 3)
848 1417 904 1476 Ubi
925 1421 960 1478 de
982 1418 1055 1477 Loco
1079 1421 1180 1496 opiter,
1201 1417 1234 1476 ἐν
1254 1439 1308 1478 non

128 1513 184 1550 non
202 1504 340 1572 poterat;
363 1499 395 1554 id
412 1509 461 1568 cst,
477 1499 522 1556 Eo
542 1507 692 1558 contentus
747 1498 833 1556 solum
864 1499 911 1568 In,
942 1498 1031 1578 lutra,
1059 1500 1232 1576 intciir'pitur,
1259 1501 1310 1558 sed

128 1593 183 1631 non
198 1583 272 1632 erat.
295 1575 387 1652 Atqui
399 1578 462 1634 daec
476 1581 538 1653 ipso
556 1582 694 1636 sententio
740 1581 909 1654 frequenter
927 1579 984 1649 Ad,
1006 1580 1109 1656 Prope,
1123 1580 1220 1656 Apud,
1244 1581 1308 1638 Cir-

122 1656 201 1734 nudo
226 1655 311 1712 cerdo
333 1653 496 1734 ἐνεφορέετο,
517 1659 619 1734 absque
644 1679 693 1716 uc·
748 1677 790 1715 ca.
815 1656 945 1728 Σινιίπην
965 1656 1052 1716 πόλιν
1069 1657 1121 1728 τὴν
1139 1659 1171 1716 ἐν
1192 1658 1309 1738 Εὐξείνῳ

127 1743 210 1809 ponte
231 1736 387 1810 porticulo,
410 1739 620 1796 commodissime
643 1757 693 1796 eu·

127 1817 272 1888 primitur.
284 1815 333 1872 Sic
341 1815 438 1874 Cicero
446 1814 538 1893 (opud
546 1817 694 1876 Plutarch.

131 1896 159 1950 iu
188 1894 262 1962 Viro,
290 1915 314 1951 c.
347 1901 393 1954 19.
421 1898 460 1954 σί.
487 1895 552 1971 20.)
574 1907 694 1956 extremo

131 1975 270 2048 supplicio
292 1977 449 2052 conjuratos
471 1979 593 2053 adficere
614 1977 693 2034 dubi·

132 2057 210 2124 touit,
235 2057 341 2112 amitus
367 2056 406 2132 μή
433 2055 523 2126 δοκοίη
548 2061 596 2126 τῆς
619 2055 694 2123 εἘου-

133 2137 196 2197 σίας
210 2129 291 2207 ἄγαν
300 2133 485 2212 ἐμφορεῖσθαι,
497 2138 543 2194 Ns
552 2138 696 2194 videretur

132 2213 162 2269 in
180 2233 238 2270 usu
258 2218 405 2290 potestatis
420 2217 505 2274 nimis
524 2217 579 2274 sibi
599 2217 695 2274 indul-

132 2313 221 2367 gere3
245 2294 291 2350 Ns
303 2295 539 2372 intemperantius
556 2305 696 2372 potestate

132 2392 184 2430 sua
198 2373 243 2430 uti
256 2374 420 2445 videretur3
442 2379 511 2444 aiae,
530 2385 561 2434 ut
576 2385 697 2451 peropto

136 2452 215 2509 Guil.
243 2451 391 2528 Xptandcr
417 2457 549 2526 reddidit,
574 2455 619 2514 Ne
644 2475 697 2532 po·

133 2540 237 2590 testate
251 2534 459 2592 sualuxuriare
473 2537 627 2593 videretur.
681 2561 687 2568 ·

115 2609 295 2690 Ἑμφύεσθαι,
305 2611 428 2684 innasci,
439 2615 615 2691 ingenerari.
629 2612 697 2692 φθό-

135 2715 182 2756 νος
199 2689 326 2768 ἀρχῆθεν
345 2691 477 2770 ἐμφύεται
494 2692 642 2771 α’νθρύπρ,
657 2696 696 2752 iii.

134 2777 182 2828 80.
199 2791 228 2828 α.
243 2791 279 2828 cs.

109 2847 264 2929 Ἔμφυλος,
279 2859 320 2921 σὐ,
339 2849 365 2916 ὁ,
383 2850 411 2923 η’,
431 2855 565 2922 Tribulis,
581 2856 698 2912 Intesti-

135 2951 199 2988 nus.
217 2929 316 2996 στάσις
328 2929 458 3010 ἔμφυλος,
479 2935 619 2992 Intestina
635 2935 695 2992 dis-

135 3011 243 3080 cordia,
259 3013 356 3069 Civilis
366 3015 513 3081 dissensio,
527 3015 586 3072 viii.
600 3020 628 3072 3.
644 3035 671 3072 α.

111 3088 263 3168 Ἔμφυτος,
282 3089 308 3159 ὁ,
328 3089 354 3162 ἦ,
371 3093 489 3163 Insitus‚
506 3095 635 3152 Innatus.
649 3091 699 3170 ἔμ-

135 3183 222 3246 φυτον
234 3169 371 3247 μαντικήν
383 3168 453 3249 εἶχε,
468 3174 509 3230 ix.
521 3177 570 3230 94.
586 3184 658 3231 eutr.

111 3249 273 3327 Ἔμῲυχος,
302 3274 343 3320 ου,
369 3251 394 3320 ὁ,
422 3250 449 3322 ἡ,
473 3257 601 3328 proprie,
627 3253 699 3332 Ani',

136 3340 241 3398 matus,
271 3333 326 3388 Cui
359 3333 454 3390 anima
486 3333 569 3402 inest,
598 3333 699 3391 Vivus.

139 3409 244 3468 Sedet
263 3412 423 3469 Mactatum
443 3413 557 3482 animat
579 3413 701 3488 adeoque

138 3493 294 3560 mortuum,
317 3487 446 3568 ἔμψυχον
469 3493 581 3562 dicitur,
605 3501 700 3568 quote-

139 3590 199 3636 nus,
218 3573 385 3646 priusquam
401 3579 577 3640 mactaretur,
596 3573 702 3630 Anima

139 3651 234 3708 vitalis
247 3652 278 3708 in
293 3671 327 3708 eo
339 3652 433 3710 fuerat
446 3672 452 3708 :
479 3671 531 3728 quo
545 3671 627 3709 censu
640 3651 701 3728 Pp-

748 1735 849 1815 πόντιρ,
868 1739 888 1796 i.
912 1740 960 1800 76.
981 1759 1008 1797 α.
1031 1738 1062 1796 ἕν
1083 1736 1223 1816 Μωμέμφι
1242 1737 1310 1798 πόλι

748 1815 878 1890 ἐγένοντο
898 1815 1054 1895 α’μφύτερσι,
1074 1820 1118 1874 καί
1131 1817 1310 1893 πειρήσεσθαι

748 1893 1019 1970 ἕμελλονᾶλλύλων,
1029 1899 1059 1954 ii.
1072 1901 1139 1955 163.
1147 1907 1219 1954 extr.
1229 1896 1269 1952 Ν.
1278 1897 1310 1955 ἐν

751 1973 902 2053 Καρπάθῳ,
917 1977 965 2033 Ad
986 1978 1163 2051 Carpathum
1183 1976 1311 2047 insutum,

749 2056 790 2112 iii.
803 2061 852 2114 45.
863 2075 890 2112 α.
901 2054 943 2112 Ν.
954 2055 985 2112 ἕν
993 2053 1094 2132 Κύπριμ
1107 2053 1310 2132 ναυμαχήσαν-

750 2157 803 2203 τες,
818 2155 845 2192 v.
864 2139 931 2192 115.
948 2155 975 2192 α.
992 2131 1096 2206 συνέβη
1116 2137 1193 2210 νικᾷν
1209 2133 1241 2191 ἐν
1254 2140 1310 2192 Σα-

751 2217 850 2292 λαμῖνι
858 2212 1069 2283 τούςἜλληνας
1079 2211 1128 2271 τὸν
1137 2211 1256 2290 Πέρσην,
1263 2217 1311 2274 vii.

753 2299 820 2354 166.
840 2316 867 2352 α.
887 2295 937 2352 Sic
953 2294 986 2352 ἕν
1006 2291 1136 2373 Μυκάλη,
1150 2296 1198 2352 Ad
1212 2295 1313 2371 Myca-

750 2375 807 2444 len,
818 2377 859 2432 ix.
873 2380 939 2432 100.
952 2376 977 2432 θ.
992 2379 1060 2432 101.
1073 2395 1101 2432 α.
1113 2375 1144 2432 ἐν
1156 2379 1313 2457 Πλαταιῇσι

751 2455 791 2512 ix.
809 2459 858 2512 81.
867 2458 896 2530 s.
915 2461 1030 2512 loun.
1048 2459 1115 2512 101.
1132 2475 1166 2512 m.
1179 2455 1252 2512 oclct
1265 2458 1313 2514 Ad

752 2535 894 2602 Plataeas3
928 2553 1024 2610 quere,
1048 2553 1104 2611 pro
1131 2536 1225 2592 ecdem
1250 2537 1312 2593 dic·

750 2617 832 2684 tione,
848 2616 978 2671 coriandi
990 2630 1088 2670 causac
1106 2618 1221 2690 ponitur
1239 2614 1314 2698 ὲντῇ

752 2693 912 2760 Πλαταιίδι,
924 2695 985 2751 scii.
999 2697 1037 2772 γῇ
1050 2695 1094 2750 oei
1108 2692 1194 2772 χιίρῃ,
1205 2695 1234 2750 in
1246 2696 1312 2752 Pla-

751 2775 851 2830 taeensi
869 2793 948 2850 agro,
970 2793 1033 2848 cop.
1054 2778 1120 2831 101.
1138 2794 1165 2830 c.
1186 2772 1244 2830 Pro
1264 2772 1314 2832 τὸν

751 2852 783 2910 ε’ν
795 2852 935 2930 Ὀλυμπίῃ
948 2852 1059 2926 α’γῶνα,
1074 2854 1147 2928 quod
1158 2854 1189 2910 ii.
1205 2857 1271 2911 160.
1283 2875 1311 2912 α.

752 2933 860 3008 lepitur,
873 2932 1029 2989 Gronovius
1037 2951 1064 2988 v.
1078 2937 1126 2988 22,
1139 2951 1166 2988 o.
1178 2951 1238 2988 cum
1244 2934 1312 3006 plu·
1333 2979 1338 2987 .

751 3013 829 3068 ribus
855 3010 977 3069 MSStia
1002 3013 1075 3066 nude
1100 3007 1149 3066 τὸν
1172 3009 1314 3090 Ὀλυμπίῃ

750 3091 851 3164 α’γῶνα
861 3090 974 3166 tepebat,
990 3091 1063 3165 quod
1080 3089 1156 3145 nuilo
1166 3098 1249 3164 pacto
1263 3095 1313 3164 se·

752 3173 867 3228 rendum
894 3173 1000 3226 censuit
1035 3167 1132 3226 Volcis.
1164 3167 1314 3227 Vioendum

752 3269 827 3320 cero,
844 3271 887 3320 ne,
903 3253 944 3306 uti
963 3269 989 3307 o.
1003 3268 1048 3326 pr.
1071 3245 1205 3328 Ἀθήνησι
1215 3268 1269 3325 pro
1283 3251 1314 3308 ὲν

752 3327 886 3409 Ἀθήνησι
900 3328 988 3393 σοίέν
1001 3325 1134 3398 Ἀθήναις
1144 3331 1224 3408 culpo
1238 3331 1314 3388 dice-

753 3411 843 3478 batur,
865 3413 905 3467 aic
929 3412 1011 3466 cticru
1037 3410 1177 3488 Ὀλυμπίῃ
1201 3429 1256 3486 pro
1283 3409 1314 3468 ἐν

754 3488 895 3568 Ὀλυμπίῃ
909 3509 1048 3568 usurpare
1063 3492 1182 3548 licuerit.

794 3568 827 3645 3)
847 3569 901 3628 Ubi
928 3573 963 3628 de
989 3590 1100 3628 numero
1132 3574 1233 3647 opitur,
1262 3591 1314 3646 quo

753 3654 907 3708 continetur
926 3652 1028 3726 aliquis
1049 3651 1094 3706 uei
1113 3650 1230 3724 aliquid,
1247 3653 1314 3722 sre-

143 3732 282 3806 tlsoporici
292 3733 422 3790 dicuntur
430 3729 559 3808 ἔμψυχον
569 3729 647 3789 οὐδὲν
658 3752 702 3788 co·
754 3740 869 3806 quenter
881 3729 912 3787 ἐν
926 3728 954 3786 δὲ
967 3730 1088 3802 eltiptice
1098 3731 1222 3802 ponitur,
1233 3729 1315 3784 intet-

140 3813 266 3868 mcdisse.
287 3811 336 3868 Sic
349 3813 427 3887 opud
439 3809 573 3868 Nostrum
593 3809 703 3877 οὐδενὸς
755 3811 862 3886 ίίρευιίο
883 3809 913 3865 ἐν
935 3808 964 3865 δὲ
983 3805 1096 3874 τούτοις,
1111 3815 1160 3862 cut
1174 3804 1204 3862 ἐν
1218 3803 1246 3861 δὲ
1260 3816 1317 3872 τοῖς

140 3888 269 3967 ε’μίαίχου
279 3894 398 3968 κεφαλῆς
404 3889 534 3965 γεύσεται
540 3895 703 3966 Αἰγυπτίων
755 3887 863 3956 ἄλλοις,
877 3899 927 3946 aut
947 3887 1027 3944 aliud
1046 3887 1176 3960 quiddam
1190 3891 1315 3960 optaui-

141 3969 239 4040 οὐδεὶς,
273 3971 389 4028 Nullius
421 3973 573 4028 animantis
612 3973 703 4047 capite
757 3971 809 4024 mis
842 3968 933 4024 uerbis
959 3965 1153 4041 supplendum.
1181 3962 1260 4023 ἄλλα
1287 3991 1316 4025 τε

142 4059 273 4108 vescetur
304 4052 454 4128 quisquam
480 4052 644 4127 AEgyptius,
671 4053 701 4118 ii.
755 4045 926 4124 ἀραιρημένα
947 4042 1044 4113 ἄστεα,
1066 4042 1098 4101 ἐν
1120 4043 1147 4102 δὲ
1167 4042 1241 4118 (scil.
1259 4056 1317 4113 τοῖς

144 4135 194 4188 39.
211 4139 284 4187 extr.
755 4122 1318 4204 ἅραιρημένοιςᾶστεσι)θήκαίτὴνΝἶνον,

123 4208 171 4266 Ἐν
190 4212 360 4286 praepositio
384 4229 481 4286 reperta
504 4209 647 4278 Batinum,
673 4205 705 4283 1)
757 4208 777 4264 i.
795 4212 862 4264 185.
878 4225 905 4264 o.
920 4210 1051 4264 πολλοῖσι
1071 4204 1123 4280 μὲν
1144 4208 1189 4263 καὶ
1206 4203 1319 4264 ἄλλοισι

135 4291 191 4348 'ubi
211 4291 245 4346 de
269 4287 402 4364 Tempore
421 4293 522 4366 opiter,
547 4309 601 4346 uon
619 4289 725 4346 solum·
759 4283 883 4366 δηλύφω,
897 4284 929 4344 ἐν
943 4285 970 4344 δὲ
985 4284 1018 4356 δὴ
1032 4289 1076 4344 καὶ
1085 4284 1160 4363 τῷδε,
1175 4287 1194 4342 i.
1214 4291 1277 4344 192.
1291 4307 1318 4344 α.

147 4371 183 4426 Iu
208 4371 358 4445 aipnificat,
379 4371 430 4426 sed
454 4381 480 4427 et
507 4371 597 4436 Inter,
622 4371 705 4436 intra,
760 4365 854 4426 πολλιί
869 4370 912 4425 καὶ
925 4364 1003 4424 ἄλλα
1017 4364 1154 4442 τεκμήρια,
1164 4364 1195 4421 ἐν
1206 4364 1234 4422 δὲ
1242 4365 1318 4440 (acii.

146 4451 212 4507 Per.
223 4445 648 4526 τὸνχῶρονήμερῶσαιὲνὴμέρη,
657 4449 706 4504 ln-
762 4456 819 4514 τοῖς
833 4445 996 4524 τεκμηρίοις)
1006 4449 1049 4503 καὶ
1058 4444 1127 4514 τόδε,
1139 4447 1168 4502 ii.
1181 4449 1230 4502 43.
1243 4464 1270 4503 α.
1281 4445 1320 4504 iii.
