<?xml version="1.0" encoding="UTF-8"?>
<!DOCTYPE html PUBLIC "-//W3C//DTD XHTML 1.0 Transitional//EN"
    "http://www.w3.org/TR/xhtml1/DTD/xhtml1-transitional.dtd">
<html xmlns="http://www.w3.org/1999/xhtml" xml:lang="en" lang="en">
 <head>
  <title>
</title>
<meta http-equiv="Content-Type" content="text/html;charset=utf-8" />
  <meta name='ocr-system' content='tesseract 3.04.00' />
  <meta name='ocr-capabilities' content='ocr_page ocr_carea ocr_par ocr_line ocrx_word'/>
</head>
<body>
  <div class='ocr_page' id='page_1' title='image "./lexiconherodote03schwgoog/lexiconherodote03schwgoog_0322.png"; bbox 0 0 3158 5038; ppageno 0'>
   <div class='ocr_carea' id='block_1_1' title="bbox 391 267 1113 332">
    <p class='ocr_par' dir='ltr' id='par_1_1' title="bbox 391 267 1113 332">
     <span class='ocr_line' id='line_1_1' title="bbox 391 267 1113 332; baseline 0.004 -8"><span class='ocrx_word' id='word_1_1' title='bbox 391 267 484 332; x_wconf 77' lang='grc' dir='ltr'><strong><em>ΛΟΓ</em></strong></span> <span class='ocrx_word' id='word_1_2' title='bbox 1020 271 1113 327; x_wconf 81' lang='lat' dir='ltr'><strong><em>nor</em></strong></span> 
     </span>
    </p>
   </div>
   <div class='ocr_carea' id='block_1_2' title="bbox 165 381 1357 716">
    <p class='ocr_par' dir='ltr' id='par_1_2' title="bbox 165 381 1357 716">
     <span class='ocr_line' id='line_1_2' title="bbox 168 381 1357 475; baseline 0.002 -21"><span class='ocrx_word' id='word_1_3' title='bbox 168 381 217 454; x_wconf 70' lang='lat' dir='ltr'><strong><em>Ex</em></strong></span> <span class='ocrx_word' id='word_1_4' title='bbox 238 398 298 455; x_wconf 83' lang='lat' dir='ltr'><strong><em>veri</em></strong></span> <span class='ocrx_word' id='word_1_5' title='bbox 315 399 425 456; x_wconf 79' lang='lat' dir='ltr'><strong><em>tutione</em></strong></span> <span class='ocrx_word' id='word_1_6' title='bbox 449 395 512 474; x_wconf 82' lang='lat' dir='ltr'><strong><em>(Ex</em></strong></span> <span class='ocrx_word' id='word_1_7' title='bbox 536 397 577 454; x_wconf 86' lang='lat' dir='ltr'><strong><em>rei</em></strong></span> <span class='ocrx_word' id='word_1_8' title='bbox 602 393 735 471; x_wconf 77' lang='lat' dir='ltr'><strong><em>veritate)</em></strong></span> <span class='ocrx_word' id='word_1_9' title='bbox 788 397 869 455; x_wconf 85' lang='lat' dir='ltr'><strong><em>uobis</em></strong></span> <span class='ocrx_word' id='word_1_10' title='bbox 884 398 970 456; x_wconf 71' lang='lat' dir='ltr'><strong><em>Retio</em></strong></span> <span class='ocrx_word' id='word_1_11' title='bbox 982 400 1124 468; x_wconf 78' lang='lat' dir='ltr'><strong><em>suaserit3</em></strong></span> <span class='ocrx_word' id='word_1_12' title='bbox 1146 417 1227 475; x_wconf 79' lang='lat' dir='ltr'><strong><em>quum</em></strong></span> <span class='ocrx_word' id='word_1_13' title='bbox 1246 398 1310 456; x_wconf 83' lang='lat' dir='ltr'><strong><em>Nisi</em></strong></span> <span class='ocrx_word' id='word_1_14' title='bbox 1327 399 1357 458; x_wconf 87' lang='lat' dir='ltr'><strong><em>id</em></strong></span> 
     </span>
     <span class='ocr_line' id='line_1_3' title="bbox 165 479 1357 555; baseline 0.003 -21"><span class='ocrx_word' id='word_1_15' title='bbox 165 479 312 548; x_wconf 80' lang='lat' dir='ltr'><strong><em>ostendit3</em></strong></span> <span class='ocrx_word' id='word_1_16' title='bbox 346 489 403 548; x_wconf 88' lang='lat' dir='ltr'><strong><em>out,</em></strong></span> <span class='ocrx_word' id='word_1_17' title='bbox 427 480 584 555; x_wconf 81' lang='lat' dir='ltr'><strong><em>Postquam</em></strong></span> <span class='ocrx_word' id='word_1_18' title='bbox 602 479 733 546; x_wconf 73' lang='lat' dir='ltr'><strong>ostendit,</strong></span> <span class='ocrx_word' id='word_1_19' title='bbox 787 479 869 534; x_wconf 87' lang='lat' dir='ltr'><strong><em>uobis</em></strong></span> <span class='ocrx_word' id='word_1_20' title='bbox 882 479 1030 553; x_wconf 78' lang='lat' dir='ltr'>placuerit,</span> <span class='ocrx_word' id='word_1_21' title='bbox 1047 480 1109 538; x_wconf 85' lang='lat' dir='ltr'><strong><em>Nisi</em></strong></span> <span class='ocrx_word' id='word_1_22' title='bbox 1124 481 1164 536; x_wconf 81' lang='lat' dir='ltr'><strong><em>itu</em></strong></span> <span class='ocrx_word' id='word_1_23' title='bbox 1177 487 1273 537; x_wconf 84' lang='lat' dir='ltr'><strong><em>noster</em></strong></span> <span class='ocrx_word' id='word_1_24' title='bbox 1283 481 1357 538; x_wconf 83' lang='lat' dir='ltr'><strong><em>seret</em></strong></span> 
     </span>
     <span class='ocr_line' id='line_1_4' title="bbox 167 555 1354 636; baseline 0.004 -22"><span class='ocrx_word' id='word_1_25' title='bbox 167 556 213 614; x_wconf 79' lang='lat' dir='ltr'><strong><em>Re</em></strong></span> <span class='ocrx_word' id='word_1_26' title='bbox 235 578 302 616; x_wconf 82' lang='lat' dir='ltr'><strong><em>vera</em></strong></span> <span class='ocrx_word' id='word_1_27' title='bbox 324 556 370 633; x_wconf 83' lang='lat' dir='ltr'><strong><em>(Si</em></strong></span> <span class='ocrx_word' id='word_1_28' title='bbox 394 567 470 616; x_wconf 83' lang='lat' dir='ltr'><strong><em>reete</em></strong></span> <span class='ocrx_word' id='word_1_29' title='bbox 493 579 538 616; x_wconf 85' lang='lat' dir='ltr'><strong><em>res</em></strong></span> <span class='ocrx_word' id='word_1_30' title='bbox 560 555 733 633; x_wconf 82' lang='lat' dir='ltr'><strong><em>aestimetur)</em></strong></span> <span class='ocrx_word' id='word_1_31' title='bbox 788 559 921 627; x_wconf 79' lang='lat' dir='ltr'><strong><em>suimus:</em></strong></span> <span class='ocrx_word' id='word_1_32' title='bbox 966 579 1071 635; x_wconf 84' lang='lat' dir='ltr'><strong><em>nempe,</em></strong></span> <span class='ocrx_word' id='word_1_33' title='bbox 1100 561 1145 617; x_wconf 92' lang='lat' dir='ltr'><strong><em>Tu</em></strong></span> <span class='ocrx_word' id='word_1_34' title='bbox 1172 579 1223 617; x_wconf 85' lang='lat' dir='ltr'><strong><em>nos</em></strong></span> <span class='ocrx_word' id='word_1_35' title='bbox 1251 579 1354 636; x_wconf 82' lang='lat' dir='ltr'><strong><em>cogere</em></strong></span> 
     </span>
     <span class='ocr_line' id='line_1_5' title="bbox 166 637 1355 716; baseline 0.004 -23"><span class='ocrx_word' id='word_1_36' title='bbox 166 637 221 694; x_wconf 85' lang='lat' dir='ltr'><strong><em>hoe</em></strong></span> <span class='ocrx_word' id='word_1_37' title='bbox 239 639 279 696; x_wconf 84' lang='lat' dir='ltr'><strong><em>ita</em></strong></span> <span class='ocrx_word' id='word_1_38' title='bbox 300 657 370 697; x_wconf 82' lang='lat' dir='ltr'><strong><em>esse.</em></strong></span> <span class='ocrx_word' id='word_1_39' title='bbox 413 639 542 696; x_wconf 78' lang='lat' dir='ltr'><strong><em>Priorem</em></strong></span> <span class='ocrx_word' id='word_1_40' title='bbox 565 639 652 696; x_wconf 84' lang='lat' dir='ltr'><strong><em>locum</em></strong></span> <span class='ocrx_word' id='word_1_41' title='bbox 674 639 732 696; x_wconf 81' lang='lat' dir='ltr'><strong><em>viii.</em></strong></span> <span class='ocrx_word' id='word_1_42' title='bbox 788 657 944 715; x_wconf 79' lang='lat' dir='ltr'><strong><em>numquam</em></strong></span> <span class='ocrx_word' id='word_1_43' title='bbox 955 641 1355 716; x_wconf 80' lang='lat' dir='ltr'><strong><em>poterisadeongrediendum</em></strong></span> 
     </span>
    </p>
   </div>
   <div class='ocr_carea' id='block_1_3' title="bbox 164 717 736 2167">
    <p class='ocr_par' dir='ltr' id='par_1_3' title="bbox 164 717 736 1923">
     <span class='ocr_line' id='line_1_6' title="bbox 165 717 734 794; baseline 0.004 -20"><span class='ocrx_word' id='word_1_44' title='bbox 165 721 217 776; x_wconf 84' lang='lat'><strong><em>61.</em></strong></span> <span class='ocrx_word' id='word_1_45' title='bbox 234 722 263 794; x_wconf 91' lang='lat' dir='ltr'><strong><em>f.</em></strong></span> <span class='ocrx_word' id='word_1_46' title='bbox 280 719 382 778; x_wconf 80' lang='lat' dir='ltr'><em>Latine</em></span> <span class='ocrx_word' id='word_1_47' title='bbox 396 723 437 777; x_wconf 86' lang='lat' dir='ltr'><strong><em>sio</em></strong></span> <span class='ocrx_word' id='word_1_48' title='bbox 452 729 625 777; x_wconf 81' lang='lat' dir='ltr'><strong><em>conuerterat</em></strong></span> <span class='ocrx_word' id='word_1_49' title='bbox 644 717 734 789; x_wconf 81' lang='lat' dir='ltr'><strong><em>Vallo,</em></strong></span> 
     </span>
     <span class='ocr_line' id='line_1_7' title="bbox 167 798 734 870; baseline 0 -14"><span class='ocrx_word' id='word_1_50' title='bbox 167 799 292 856; x_wconf 77' lang='lat' dir='ltr'><strong>Ratione</strong></span> <span class='ocrx_word' id='word_1_51' title='bbox 306 802 450 870; x_wconf 81' lang='lat' dir='ltr'><strong><em>ostendit3</em></strong></span> <span class='ocrx_word' id='word_1_52' title='bbox 479 799 564 857; x_wconf 87' lang='lat' dir='ltr'><strong><em>Wess.</em></strong></span> <span class='ocrx_word' id='word_1_53' title='bbox 578 820 639 856; x_wconf 88' lang='lat' dir='ltr'><strong><em>enm</em></strong></span> <span class='ocrx_word' id='word_1_54' title='bbox 660 798 734 856; x_wconf 85' lang='lat' dir='ltr'><strong><em>Gro-</em></strong></span> 
     </span>
     <span class='ocr_line' id='line_1_8' title="bbox 166 879 736 950; baseline 0.005 -16"><span class='ocrx_word' id='word_1_55' title='bbox 166 881 257 950; x_wconf 88' lang='lat' dir='ltr'><strong><em>nooio,</em></strong></span> <span class='ocrx_word' id='word_1_56' title='bbox 281 880 419 938; x_wconf 78' lang='lat' dir='ltr'>Oratione</span> <span class='ocrx_word' id='word_1_57' title='bbox 442 882 586 938; x_wconf 84' lang='lat' dir='ltr'><strong>ostendit:</strong></span> <span class='ocrx_word' id='word_1_58' title='bbox 618 879 736 937; x_wconf 84' lang='lat' dir='ltr'><strong><em>alterum</em></strong></span> 
     </span>
     <span class='ocr_line' id='line_1_9' title="bbox 165 959 735 1038; baseline 0.005 -23"><span class='ocrx_word' id='word_1_59' title='bbox 165 959 255 1018; x_wconf 82' lang='lat' dir='ltr'><strong><em>lunum</em></strong></span> <span class='ocrx_word' id='word_1_60' title='bbox 273 959 364 1030; x_wconf 80' lang='lat' dir='ltr'><strong><em>Vallo,</em></strong></span> <span class='ocrx_word' id='word_1_61' title='bbox 377 963 451 1020; x_wconf 81' lang='lat' dir='ltr'><strong><em>Hoeo</em></strong></span> <span class='ocrx_word' id='word_1_62' title='bbox 462 980 551 1037; x_wconf 91' lang='lat' dir='ltr'><strong><em>quum</em></strong></span> <span class='ocrx_word' id='word_1_63' title='bbox 561 961 668 1018; x_wconf 81' lang='lat' dir='ltr'><strong><em>ratione</em></strong></span> <span class='ocrx_word' id='word_1_64' title='bbox 677 962 735 1038; x_wconf 86' lang='lat' dir='ltr'><strong><em>sig·</em></strong></span> 
     </span>
     <span class='ocr_line' id='line_1_10' title="bbox 165 1041 735 1118; baseline 0.007 -22"><span class='ocrx_word' id='word_1_65' title='bbox 165 1041 330 1110; x_wconf 83' lang='lat' dir='ltr'><strong><em>nifieasset;</em></strong></span> <span class='ocrx_word' id='word_1_66' title='bbox 364 1041 530 1110; x_wconf 85' lang='lat' dir='ltr'><strong><em>Gronovius,</em></strong></span> <span class='ocrx_word' id='word_1_67' title='bbox 551 1043 624 1099; x_wconf 81' lang='lat' dir='ltr'><strong><em>Haee</em></strong></span> <span class='ocrx_word' id='word_1_68' title='bbox 646 1062 735 1118; x_wconf 90' lang='lat' dir='ltr'><strong><em>quum</em></strong></span> 
     </span>
     <span class='ocr_line' id='line_1_11' title="bbox 166 1123 735 1197; baseline 0.005 -19"><span class='ocrx_word' id='word_1_69' title='bbox 166 1139 298 1179; x_wconf 82' lang='lat' dir='ltr'><strong><em>sermone</em></strong></span> <span class='ocrx_word' id='word_1_70' title='bbox 312 1123 516 1197; x_wconf 77' lang='lat' dir='ltr'><strong><em>significasset3</em></strong></span> <span class='ocrx_word' id='word_1_71' title='bbox 540 1142 588 1180; x_wconf 88' lang='lat' dir='ltr'><strong><em>nos</em></strong></span> <span class='ocrx_word' id='word_1_72' title='bbox 598 1125 627 1178; x_wconf 90' lang='lat' dir='ltr'><strong><em>in</em></strong></span> <span class='ocrx_word' id='word_1_73' title='bbox 641 1133 735 1181; x_wconf 87' lang='lat' dir='ltr'><strong><em>nostru</em></strong></span> 
     </span>
     <span class='ocr_line' id='line_1_12' title="bbox 165 1202 735 1280; baseline 0.005 -23"><span class='ocrx_word' id='word_1_74' title='bbox 165 1204 293 1260; x_wconf 78' lang='lat' dir='ltr'><strong><em>versione</em></strong></span> <span class='ocrx_word' id='word_1_75' title='bbox 314 1203 408 1260; x_wconf 85' lang='lat' dir='ltr'><strong><em>uoeub.</em></strong></span> <span class='ocrx_word' id='word_1_76' title='bbox 429 1208 466 1280; x_wconf 85' lang='grc' dir='ltr'><strong><em>τῷ</em></strong></span> <span class='ocrx_word' id='word_1_77' title='bbox 481 1202 558 1280; x_wconf 75' lang='grc' dir='ltr'>λόγῳ</span> <span class='ocrx_word' id='word_1_78' title='bbox 572 1204 611 1259; x_wconf 82' lang='lat' dir='ltr'><strong><em>ori</em></strong></span> <span class='ocrx_word' id='word_1_79' title='bbox 624 1206 735 1263; x_wconf 84' lang='lat' dir='ltr'><strong><em>uerbum</em></strong></span> 
     </span>
     <span class='ocr_line' id='line_1_13' title="bbox 166 1279 734 1355; baseline 0.005 -16"><span class='ocrx_word' id='word_1_80' title='bbox 166 1279 290 1355; x_wconf 80' lang='grc' dir='ltr'>διέβαινε</span> <span class='ocrx_word' id='word_1_81' title='bbox 311 1284 463 1340; x_wconf 75' lang='lat' dir='ltr'><strong><em>retulimus.</em></strong></span> <span class='ocrx_word' id='word_1_82' title='bbox 492 1284 664 1342; x_wconf 82' lang='lat' dir='ltr'><strong><em>Simillimom</em></strong></span> <span class='ocrx_word' id='word_1_83' title='bbox 693 1285 734 1341; x_wconf 91' lang='lat' dir='ltr'><strong><em>lo·</em></strong></span> 
     </span>
     <span class='ocr_line' id='line_1_14' title="bbox 166 1363 734 1440; baseline 0.005 -21"><span class='ocrx_word' id='word_1_84' title='bbox 166 1367 299 1421; x_wconf 77' lang='lat' dir='ltr'><strong><em>cntionem</em></strong></span> <span class='ocrx_word' id='word_1_85' title='bbox 318 1364 447 1422; x_wconf 76' lang='lat' dir='ltr'><strong><em>iuhemus</em></strong></span> <span class='ocrx_word' id='word_1_86' title='bbox 465 1384 493 1422; x_wconf 86' lang='lat' dir='ltr'><strong><em>v.</em></strong></span> <span class='ocrx_word' id='word_1_87' title='bbox 513 1369 562 1422; x_wconf 86' lang='lat'><strong><em>94.</em></strong></span> <span class='ocrx_word' id='word_1_88' title='bbox 579 1368 608 1440; x_wconf 86' lang='lat' dir='ltr'><strong><em>f.</em></strong></span> <span class='ocrx_word' id='word_1_89' title='bbox 624 1363 734 1422; x_wconf 79' lang='grc' dir='ltr'>α’ποδει-</span> 
     </span>
     <span class='ocr_line' id='line_1_15' title="bbox 165 1441 734 1522; baseline 0.005 -23"><span class='ocrx_word' id='word_1_90' title='bbox 165 1441 279 1508; x_wconf 85' lang='grc' dir='ltr'>κνόντες</span> <span class='ocrx_word' id='word_1_91' title='bbox 293 1441 370 1522; x_wconf 78' lang='grc' dir='ltr'>λόγῳ</span> <span class='ocrx_word' id='word_1_92' title='bbox 383 1442 463 1502; x_wconf 76' lang='grc' dir='ltr'>ου’δέν</span> <span class='ocrx_word' id='word_1_93' title='bbox 476 1448 589 1518; x_wconf 79' lang='grc' dir='ltr'>μᾶλλον</span> <span class='ocrx_word' id='word_1_94' title='bbox 603 1447 734 1503; x_wconf 76' lang='grc' dir='ltr'><strong><em>Αἰολεῦσι</em></strong></span> 
     </span>
     <span class='ocr_line' id='line_1_16' title="bbox 164 1522 735 1602; baseline 0.004 -20"><span class='ocrx_word' id='word_1_95' title='bbox 164 1522 264 1600; x_wconf 84' lang='grc' dir='ltr'>μετεόν</span> <span class='ocrx_word' id='word_1_96' title='bbox 283 1535 332 1582; x_wconf 89' lang='lat' dir='ltr'><strong><em>ete.</em></strong></span> <span class='ocrx_word' id='word_1_97' title='bbox 357 1525 520 1602; x_wconf 73' lang='lat' dir='ltr'><strong><em>Rursusque</em></strong></span> <span class='ocrx_word' id='word_1_98' title='bbox 541 1546 569 1584; x_wconf 86' lang='lat' dir='ltr'><strong><em>v.</em></strong></span> <span class='ocrx_word' id='word_1_99' title='bbox 590 1531 639 1583; x_wconf 86' lang='lat'><strong><em>84.</em></strong></span> <span class='ocrx_word' id='word_1_100' title='bbox 663 1547 691 1584; x_wconf 89' lang='lat' dir='ltr'><strong><em>o.</em></strong></span> <span class='ocrx_word' id='word_1_101' title='bbox 709 1527 735 1584; x_wconf 90' lang='grc' dir='ltr'><strong><em>οἱ</em></strong></span> 
     </span>
     <span class='ocr_line' id='line_1_17' title="bbox 165 1601 733 1684; baseline 0.005 -24"><span class='ocrx_word' id='word_1_102' title='bbox 165 1601 194 1661; x_wconf 79' lang='grc' dir='ltr'><strong><em>δέ</em></strong></span> <span class='ocrx_word' id='word_1_103' title='bbox 214 1603 371 1683; x_wconf 81' lang='grc' dir='ltr'>α’πέφαινον</span> <span class='ocrx_word' id='word_1_104' title='bbox 388 1603 466 1684; x_wconf 81' lang='grc' dir='ltr'>λόγῳ</span> <span class='ocrx_word' id='word_1_105' title='bbox 484 1603 521 1671; x_wconf 83' lang='grc' dir='ltr'><strong><em>αἱς</em></strong></span> <span class='ocrx_word' id='word_1_106' title='bbox 537 1605 585 1663; x_wconf 74' lang='lat' dir='ltr'><strong><em>otiu</em></strong></span> <span class='ocrx_word' id='word_1_107' title='bbox 603 1605 733 1664; x_wconf 76' lang='grc' dir='ltr'>ἀδικοῖεν.</span> 
     </span>
     <span class='ocr_line' id='line_1_18' title="bbox 165 1684 733 1764; baseline 0.007 -23"><span class='ocrx_word' id='word_1_108' title='bbox 165 1684 234 1742; x_wconf 84' lang='lat' dir='ltr'><strong><em>Item</em></strong></span> <span class='ocrx_word' id='word_1_109' title='bbox 243 1687 261 1742; x_wconf 88' lang='lat' dir='ltr'><strong><em>i.</em></strong></span> <span class='ocrx_word' id='word_1_110' title='bbox 276 1691 341 1745; x_wconf 81' lang='lat'><strong>129.</strong></span> <span class='ocrx_word' id='word_1_111' title='bbox 353 1708 387 1744; x_wconf 86' lang='lat' dir='ltr'><strong><em>m.</em></strong></span> <span class='ocrx_word' id='word_1_112' title='bbox 399 1685 559 1761; x_wconf 80' lang='grc' dir='ltr'>Ἀστυάγης</span> <span class='ocrx_word' id='word_1_113' title='bbox 567 1684 595 1744; x_wconf 84' lang='grc' dir='ltr'><strong><em>δέ</em></strong></span> <span class='ocrx_word' id='word_1_114' title='bbox 603 1710 654 1764; x_wconf 89' lang='grc' dir='ltr'><strong><em>μιν</em></strong></span> <span class='ocrx_word' id='word_1_115' title='bbox 663 1686 733 1745; x_wconf 80' lang='grc' dir='ltr'>α’πέ-</span> 
     </span>
     <span class='ocr_line' id='line_1_19' title="bbox 165 1764 735 1845; baseline 0.009 -23"><span class='ocrx_word' id='word_1_116' title='bbox 165 1775 247 1842; x_wconf 81' lang='grc' dir='ltr'>φαινε</span> <span class='ocrx_word' id='word_1_117' title='bbox 261 1770 299 1845; x_wconf 77' lang='grc' dir='ltr'><strong><em>τῷ</em></strong></span> <span class='ocrx_word' id='word_1_118' title='bbox 312 1764 389 1844; x_wconf 81' lang='grc' dir='ltr'>λόγῳ</span> <span class='ocrx_word' id='word_1_119' title='bbox 405 1765 567 1825; x_wconf 84' lang='grc' dir='ltr'>σκαιότατον</span> <span class='ocrx_word' id='word_1_120' title='bbox 580 1766 671 1835; x_wconf 86' lang='grc' dir='ltr'>ε’όντα,</span> <span class='ocrx_word' id='word_1_121' title='bbox 687 1770 735 1827; x_wconf 82' lang='lat' dir='ltr'><strong><em>ubi</em></strong></span> 
     </span>
     <span class='ocr_line' id='line_1_20' title="bbox 168 1848 651 1923; baseline 0.002 -20"><span class='ocrx_word' id='word_1_122' title='bbox 168 1849 338 1923; x_wconf 79' lang='lat' dir='ltr'><strong><em>corripendo</em></strong></span> <span class='ocrx_word' id='word_1_123' title='bbox 351 1858 415 1905; x_wconf 89' lang='lat' dir='ltr'><strong><em>sunt</em></strong></span> <span class='ocrx_word' id='word_1_124' title='bbox 428 1857 523 1906; x_wconf 88' lang='lat' dir='ltr'><strong><em>nostru</em></strong></span> <span class='ocrx_word' id='word_1_125' title='bbox 538 1848 651 1906; x_wconf 86' lang='lat' dir='ltr'><strong><em>Latino.</em></strong></span> 
     </span>
    </p>

    <p class='ocr_par' dir='ltr' id='par_1_4' title="bbox 165 1928 734 2167">
     <span class='ocr_line' id='line_1_21' title="bbox 206 1928 734 2004; baseline 0.008 -20"><span class='ocrx_word' id='word_1_126' title='bbox 206 1928 258 1985; x_wconf 90' lang='lat' dir='ltr'><strong><em>Ad</em></strong></span> <span class='ocrx_word' id='word_1_127' title='bbox 281 1930 432 1986; x_wconf 76' lang='lat' dir='ltr'><strong><em>iudicandi</em></strong></span> <span class='ocrx_word' id='word_1_128' title='bbox 451 1930 589 1986; x_wconf 83' lang='lat' dir='ltr'><strong><em>rationem</em></strong></span> <span class='ocrx_word' id='word_1_129' title='bbox 611 1933 734 2004; x_wconf 75' lang='lat' dir='ltr'><strong><em>pertinet</em></strong></span> 
     </span>
     <span class='ocr_line' id='line_1_22' title="bbox 165 2008 733 2080; baseline 0.009 -17"><span class='ocrx_word' id='word_1_130' title='bbox 165 2010 247 2066; x_wconf 87' lang='lat' dir='ltr'><strong><em>etium</em></strong></span> <span class='ocrx_word' id='word_1_131' title='bbox 271 2011 318 2066; x_wconf 81' lang='lat' dir='ltr'><strong><em>lroe</em></strong></span> <span class='ocrx_word' id='word_1_132' title='bbox 342 2010 510 2067; x_wconf 80' lang='lat' dir='ltr'><strong><em>locutiones:</em></strong></span> <span class='ocrx_word' id='word_1_133' title='bbox 533 2011 577 2067; x_wconf 82' lang='grc' dir='ltr'><strong><em>καὶ</em></strong></span> <span class='ocrx_word' id='word_1_134' title='bbox 597 2008 630 2080; x_wconf 79' lang='grc' dir='ltr'><em>δὴ</em></span> <span class='ocrx_word' id='word_1_135' title='bbox 652 2009 733 2068; x_wconf 81' lang='grc' dir='ltr'><strong><em>καὶό</em></strong></span> 
     </span>
     <span class='ocr_line' id='line_1_23' title="bbox 165 2085 733 2167; baseline 0.007 -22"><span class='ocrx_word' id='word_1_136' title='bbox 165 2085 254 2162; x_wconf 81' lang='grc' dir='ltr'>λόγος</span> <span class='ocrx_word' id='word_1_137' title='bbox 266 2086 354 2147; x_wconf 75' lang='lat' dir='ltr'><strong><em>uirus</em></strong></span> <span class='ocrx_word' id='word_1_138' title='bbox 364 2087 457 2166; x_wconf 80' lang='grc' dir='ltr'>αἱρέει,</span> <span class='ocrx_word' id='word_1_139' title='bbox 467 2091 564 2167; x_wconf 86' lang='lat' dir='ltr'><strong><em>Atque</em></strong></span> <span class='ocrx_word' id='word_1_140' title='bbox 575 2093 660 2148; x_wconf 86' lang='lat' dir='ltr'><strong><em>etiam</em></strong></span> <span class='ocrx_word' id='word_1_141' title='bbox 672 2092 733 2150; x_wconf 82' lang='lat' dir='ltr'><strong><em>Ra-</em></strong></span> 
     </span>
    </p>
   </div>
   <div class='ocr_carea' id='block_1_4' title="bbox 786 719 1393 2158">
    <p class='ocr_par' dir='ltr' id='par_1_5' title="bbox 786 719 1393 2158">
     <span class='ocr_line' id='line_1_24' title="bbox 789 719 1356 797; baseline 0.004 -21"><span class='ocrx_word' id='word_1_142' title='bbox 789 727 892 776; x_wconf 84' lang='lat' dir='ltr'><strong><em>tecum.</em></strong></span> <span class='ocrx_word' id='word_1_143' title='bbox 934 719 1046 778; x_wconf 87' lang='lat' dir='ltr'><strong><em>Deinde</em></strong></span> <span class='ocrx_word' id='word_1_144' title='bbox 1068 721 1121 778; x_wconf 81' lang='lat' dir='ltr'><strong><em>luo</em></strong></span> <span class='ocrx_word' id='word_1_145' title='bbox 1145 723 1251 796; x_wconf 84' lang='lat' dir='ltr'><strong><em>referri</em></strong></span> <span class='ocrx_word' id='word_1_146' title='bbox 1266 731 1356 797; x_wconf 88' lang='lat' dir='ltr'><strong><em>potest</em></strong></span> 
     </span>
     <span class='ocr_line' id='line_1_25' title="bbox 789 800 1354 876; baseline 0.005 -20"><span class='ocrx_word' id='word_1_147' title='bbox 789 800 848 856; x_wconf 84' lang='lat' dir='ltr'><strong><em>ulio</em></strong></span> <span class='ocrx_word' id='word_1_148' title='bbox 867 801 1005 876; x_wconf 82' lang='lat' dir='ltr'><strong><em>formula,</em></strong></span> <span class='ocrx_word' id='word_1_149' title='bbox 1052 820 1113 858; x_wconf 85' lang='lat' dir='ltr'><strong><em>uum</em></strong></span> <span class='ocrx_word' id='word_1_150' title='bbox 1140 811 1214 859; x_wconf 88' lang='lat' dir='ltr'><strong><em>omot</em></strong></span> <span class='ocrx_word' id='word_1_151' title='bbox 1237 800 1354 872; x_wconf 82' lang='lat' dir='ltr'><strong><em>Noster,</em></strong></span> 
     </span>
     <span class='ocr_line' id='line_1_26' title="bbox 790 821 1358 958; baseline 0.005 -21"><span class='ocrx_word' id='word_1_152' title='bbox 790 880 945 956; x_wconf 74' lang='lat' dir='ltr'><strong><em>hujusmodi</em></strong></span> <span class='ocrx_word' id='word_1_153' title='bbox 956 903 964 938; x_wconf 90' lang='lat'><em>:</em></span> <span class='ocrx_word' id='word_1_154' title='bbox 974 884 1021 938; x_wconf 85' lang='grc' dir='ltr'><strong><em>οιὶκ</em></strong></span> <span class='ocrx_word' id='word_1_155' title='bbox 1031 821 1119 950; x_wconf 69' lang='lat' dir='ltr'><strong><em>liuor</em></strong></span> <span class='ocrx_word' id='word_1_156' title='bbox 1127 880 1156 946; x_wconf 87' lang='grc' dir='ltr'>ές</span> <span class='ocrx_word' id='word_1_157' title='bbox 1164 879 1260 940; x_wconf 78' lang='grc' dir='ltr'>τούτου</span> <span class='ocrx_word' id='word_1_158' title='bbox 1268 881 1358 958; x_wconf 93' lang='grc' dir='ltr'>λόγον</span> 
     </span>
     <span class='ocr_line' id='line_1_27' title="bbox 791 957 1356 1038; baseline 0.011 -22"><span class='ocrx_word' id='word_1_159' title='bbox 791 957 859 1018; x_wconf 85' lang='grc' dir='ltr'>όὶστε</span> <span class='ocrx_word' id='word_1_160' title='bbox 869 959 1020 1038; x_wconf 77' lang='grc' dir='ltr'>μάχεσθαι,</span> <span class='ocrx_word' id='word_1_161' title='bbox 1033 962 1099 1019; x_wconf 89' lang='lat' dir='ltr'><strong><em>Non</em></strong></span> <span class='ocrx_word' id='word_1_162' title='bbox 1108 981 1143 1019; x_wconf 88' lang='lat' dir='ltr'><strong><em>eo</em></strong></span> <span class='ocrx_word' id='word_1_163' title='bbox 1149 964 1259 1020; x_wconf 82' lang='lat' dir='ltr'><strong><em>consilii</em></strong></span> <span class='ocrx_word' id='word_1_164' title='bbox 1269 981 1356 1022; x_wconf 86' lang='lat' dir='ltr'><strong><em>vene·</em></strong></span> 
     </span>
     <span class='ocr_line' id='line_1_28' title="bbox 789 1039 1355 1116; baseline 0.007 -18"><span class='ocrx_word' id='word_1_165' title='bbox 789 1049 857 1098; x_wconf 81' lang='lat' dir='ltr'><strong><em>runt</em></strong></span> <span class='ocrx_word' id='word_1_166' title='bbox 884 1039 966 1116; x_wconf 83' lang='lat' dir='ltr'><strong><em>(sine,</em></strong></span> <span class='ocrx_word' id='word_1_167' title='bbox 995 1043 1061 1100; x_wconf 89' lang='lat' dir='ltr'><strong><em>Non</em></strong></span> <span class='ocrx_word' id='word_1_168' title='bbox 1088 1043 1264 1101; x_wconf 86' lang='lat' dir='ltr'><strong><em>induxerunt</em></strong></span> <span class='ocrx_word' id='word_1_169' title='bbox 1294 1046 1355 1102; x_wconf 85' lang='lat' dir='ltr'><strong><em>ani·</em></strong></span> 
     </span>
     <span class='ocr_line' id='line_1_29' title="bbox 789 1120 1356 1199; baseline 0.009 -21"><span class='ocrx_word' id='word_1_170' title='bbox 789 1120 883 1198; x_wconf 90' lang='lat' dir='ltr'><strong><em>mum)</em></strong></span> <span class='ocrx_word' id='word_1_171' title='bbox 895 1131 928 1179; x_wconf 86' lang='lat' dir='ltr'><strong><em>ut</em></strong></span> <span class='ocrx_word' id='word_1_172' title='bbox 947 1143 1073 1199; x_wconf 83' lang='lat' dir='ltr'><strong><em>pugnam</em></strong></span> <span class='ocrx_word' id='word_1_173' title='bbox 1087 1123 1201 1192; x_wconf 88' lang='lat' dir='ltr'><strong><em>inirent,</em></strong></span> <span class='ocrx_word' id='word_1_174' title='bbox 1216 1125 1265 1181; x_wconf 82' lang='lat' dir='ltr'><strong><em>vii.</em></strong></span> <span class='ocrx_word' id='word_1_175' title='bbox 1281 1128 1310 1195; x_wconf 90' lang='grc'><strong><em>9,</em></strong></span> <span class='ocrx_word' id='word_1_176' title='bbox 1324 1131 1356 1184; x_wconf 76' lang='lat'><strong><em>2,</em></strong></span> 
     </span>
     <span class='ocr_line' id='line_1_30' title="bbox 790 1201 1358 1280; baseline 0.005 -22"><span class='ocrx_word' id='word_1_177' title='bbox 790 1211 862 1258; x_wconf 82' lang='lat' dir='ltr'><strong><em>eutr.</em></strong></span> <span class='ocrx_word' id='word_1_178' title='bbox 877 1201 918 1258; x_wconf 90' lang='lat' dir='ltr'><strong><em>N.</em></strong></span> <span class='ocrx_word' id='word_1_179' title='bbox 947 1203 1016 1260; x_wconf 84' lang='lat' dir='ltr'><strong><em>Turn</em></strong></span> <span class='ocrx_word' id='word_1_180' title='bbox 1039 1204 1133 1261; x_wconf 83' lang='lat' dir='ltr'><strong><em>eodem</em></strong></span> <span class='ocrx_word' id='word_1_181' title='bbox 1149 1204 1284 1280; x_wconf 72' lang='lat' dir='ltr'><strong><em>formula,</em></strong></span> <span class='ocrx_word' id='word_1_182' title='bbox 1306 1207 1358 1262; x_wconf 80' lang='lat' dir='ltr'><strong><em>sed</em></strong></span> 
     </span>
     <span class='ocr_line' id='line_1_31' title="bbox 786 1281 1357 1360; baseline 0.004 -20"><span class='ocrx_word' id='word_1_183' title='bbox 786 1283 873 1356; x_wconf 85' lang='lat' dir='ltr'><strong><em>paulo</em></strong></span> <span class='ocrx_word' id='word_1_184' title='bbox 887 1284 971 1341; x_wconf 87' lang='lat' dir='ltr'><strong><em>aliter</em></strong></span> <span class='ocrx_word' id='word_1_185' title='bbox 984 1285 1156 1360; x_wconf 78' lang='lat' dir='ltr'><strong><em>accipienda,</em></strong></span> <span class='ocrx_word' id='word_1_186' title='bbox 1171 1282 1200 1348; x_wconf 87' lang='grc' dir='ltr'>ές</span> <span class='ocrx_word' id='word_1_187' title='bbox 1214 1281 1243 1342; x_wconf 80' lang='grc' dir='ltr'><strong><em>δέ</em></strong></span> <span class='ocrx_word' id='word_1_188' title='bbox 1261 1282 1357 1342; x_wconf 75' lang='lat' dir='ltr'><strong><em>reiron</em></strong></span> 
     </span>
     <span class='ocr_line' id='line_1_32' title="bbox 789 1360 1355 1436; baseline 0.007 -18"><span class='ocrx_word' id='word_1_189' title='bbox 789 1360 878 1436; x_wconf 88' lang='grc' dir='ltr'>λόγον</span> <span class='ocrx_word' id='word_1_190' title='bbox 895 1362 927 1422; x_wconf 80' lang='lat' dir='ltr'><strong><em>osi</em></strong></span> <span class='ocrx_word' id='word_1_191' title='bbox 948 1367 1050 1422; x_wconf 80' lang='grc' dir='ltr'>πολλοί</span> <span class='ocrx_word' id='word_1_192' title='bbox 1071 1388 1143 1429; x_wconf 83' lang='grc' dir='ltr'>τινες</span> <span class='ocrx_word' id='word_1_193' title='bbox 1167 1361 1355 1435; x_wconf 70' lang='grc' dir='ltr'>ἀπικνέονται,</span> 
     </span>
     <span class='ocr_line' id='line_1_33' title="bbox 791 1445 1355 1522; baseline 0.007 -22"><span class='ocrx_word' id='word_1_194' title='bbox 791 1445 848 1500; x_wconf 88' lang='lat' dir='ltr'><strong><em>Sed</em></strong></span> <span class='ocrx_word' id='word_1_195' title='bbox 861 1445 891 1502; x_wconf 91' lang='lat' dir='ltr'><strong><em>in</em></strong></span> <span class='ocrx_word' id='word_1_196' title='bbox 904 1445 990 1522; x_wconf 82' lang='lat' dir='ltr'><strong><em>hujus</em></strong></span> <span class='ocrx_word' id='word_1_197' title='bbox 1001 1447 1041 1503; x_wconf 86' lang='lat' dir='ltr'><strong><em>rei</em></strong></span> <span class='ocrx_word' id='word_1_198' title='bbox 1055 1445 1194 1502; x_wconf 82' lang='lat' dir='ltr'><strong><em>rationem</em></strong></span> <span class='ocrx_word' id='word_1_199' title='bbox 1207 1447 1355 1504; x_wconf 86' lang='lat' dir='ltr'><strong><em>noumulti</em></strong></span> 
     </span>
     <span class='ocr_line' id='line_1_34' title="bbox 789 1527 1393 1602; baseline 0.01 -23"><span class='ocrx_word' id='word_1_200' title='bbox 789 1527 982 1598; x_wconf 83' lang='lat' dir='ltr'><strong><em>perveniuut3</em></strong></span> <span class='ocrx_word' id='word_1_201' title='bbox 1012 1545 1107 1602; x_wconf 81' lang='lat' dir='ltr'><strong><em>nempe</em></strong></span> <span class='ocrx_word' id='word_1_202' title='bbox 1131 1527 1197 1583; x_wconf 88' lang='lat' dir='ltr'><strong><em>Non</em></strong></span> <span class='ocrx_word' id='word_1_203' title='bbox 1217 1527 1301 1584; x_wconf 90' lang='lat' dir='ltr'><strong><em>multi</em></strong></span> <span class='ocrx_word' id='word_1_204' title='bbox 1319 1546 1354 1585; x_wconf 84' lang='lat' dir='ltr'><strong><em>eo</em></strong></span> <span class='ocrx_word' id='word_1_205' title='bbox 1390 1527 1393 1532; x_wconf 87' lang='grc'><strong>’</strong></span> 
     </span>
     <span class='ocr_line' id='line_1_35' title="bbox 789 1608 1356 1680; baseline 0.005 -18"><span class='ocrx_word' id='word_1_206' title='bbox 789 1608 960 1680; x_wconf 85' lang='lat' dir='ltr'><strong><em>perveniunt</em></strong></span> <span class='ocrx_word' id='word_1_207' title='bbox 988 1616 1021 1664; x_wconf 91' lang='lat' dir='ltr'><strong><em>ut</em></strong></span> <span class='ocrx_word' id='word_1_208' title='bbox 1048 1608 1201 1664; x_wconf 80' lang='lat' dir='ltr'><strong><em>senectutis</em></strong></span> <span class='ocrx_word' id='word_1_209' title='bbox 1228 1627 1313 1664; x_wconf 85' lang='lat' dir='ltr'><strong><em>causa</em></strong></span> <span class='ocrx_word' id='word_1_210' title='bbox 1337 1628 1356 1666; x_wconf 82' lang='lat' dir='ltr'><strong><em>u</em></strong></span> 
     </span>
     <span class='ocr_line' id='line_1_36' title="bbox 789 1686 1353 1757; baseline 0.009 -16"><span class='ocrx_word' id='word_1_211' title='bbox 789 1686 847 1742; x_wconf 82' lang='lat' dir='ltr'><strong><em>suis</em></strong></span> <span class='ocrx_word' id='word_1_212' title='bbox 875 1687 1092 1757; x_wconf 80' lang='lat' dir='ltr'><strong><em>interficiantur,</em></strong></span> <span class='ocrx_word' id='word_1_213' title='bbox 1126 1687 1166 1744; x_wconf 87' lang='lat' dir='ltr'><strong><em>iii.</em></strong></span> <span class='ocrx_word' id='word_1_214' title='bbox 1198 1691 1246 1745; x_wconf 89' lang='lat'><strong><em>99.</em></strong></span> <span class='ocrx_word' id='word_1_215' title='bbox 1280 1697 1353 1746; x_wconf 79' lang='lat' dir='ltr'><strong><em>eutr.</em></strong></span> 
     </span>
     <span class='ocr_line' id='line_1_37' title="bbox 789 1765 1355 1844; baseline 0.007 -22"><span class='ocrx_word' id='word_1_216' title='bbox 789 1765 921 1843; x_wconf 86' lang='lat' dir='ltr'><strong><em>Denique</em></strong></span> <span class='ocrx_word' id='word_1_217' title='bbox 933 1768 987 1826; x_wconf 73' lang='lat' dir='ltr'><strong><em>leue</em></strong></span> <span class='ocrx_word' id='word_1_218' title='bbox 996 1771 1140 1844; x_wconf 79' lang='lat' dir='ltr'><strong><em>pertinent</em></strong></span> <span class='ocrx_word' id='word_1_219' title='bbox 1160 1769 1309 1825; x_wconf 82' lang='lat' dir='ltr'><strong><em>locutiones</em></strong></span> <span class='ocrx_word' id='word_1_220' title='bbox 1325 1771 1355 1826; x_wconf 87' lang='lat' dir='ltr'><strong><em>in</em></strong></span> 
     </span>
     <span class='ocr_line' id='line_1_38' title="bbox 789 1846 1353 1922; baseline 0.004 -18"><span class='ocrx_word' id='word_1_221' title='bbox 789 1847 887 1922; x_wconf 81' lang='lat' dir='ltr'><strong><em>quibus</em></strong></span> <span class='ocrx_word' id='word_1_222' title='bbox 908 1846 995 1922; x_wconf 80' lang='grc' dir='ltr'>λόγος</span> <span class='ocrx_word' id='word_1_223' title='bbox 1017 1848 1226 1906; x_wconf 82' lang='lat' dir='ltr'><strong><em>commodissime</em></strong></span> <span class='ocrx_word' id='word_1_224' title='bbox 1251 1849 1353 1906; x_wconf 87' lang='lat' dir='ltr'><strong><em>Consi-</em></strong></span> 
     </span>
     <span class='ocr_line' id='line_1_39' title="bbox 787 1926 1352 2006; baseline 0.007 -24"><span class='ocrx_word' id='word_1_225' title='bbox 787 1927 857 1984; x_wconf 88' lang='lat' dir='ltr'><strong><em>lium</em></strong></span> <span class='ocrx_word' id='word_1_226' title='bbox 872 1929 990 2006; x_wconf 75' lang='lat' dir='ltr'><strong><em>intellipi</em></strong></span> <span class='ocrx_word' id='word_1_227' title='bbox 1007 1937 1107 2005; x_wconf 81' lang='lat' dir='ltr'><strong><em>potest,</em></strong></span> <span class='ocrx_word' id='word_1_228' title='bbox 1129 1937 1159 1986; x_wconf 88' lang='lat' dir='ltr'><strong><em>nt</em></strong></span> <span class='ocrx_word' id='word_1_229' title='bbox 1172 1931 1252 2005; x_wconf 89' lang='grc' dir='ltr'>κοινῷ</span> <span class='ocrx_word' id='word_1_230' title='bbox 1265 1926 1352 2006; x_wconf 77' lang='grc' dir='ltr'>λόγῳ,</span> 
     </span>
     <span class='ocr_line' id='line_1_40' title="bbox 788 2008 1353 2079; baseline 0.009 -16"><span class='ocrx_word' id='word_1_231' title='bbox 788 2008 941 2067; x_wconf 89' lang='lat' dir='ltr'><strong><em>Communi</em></strong></span> <span class='ocrx_word' id='word_1_232' title='bbox 972 2011 1097 2079; x_wconf 85' lang='lat' dir='ltr'><strong><em>consilio,</em></strong></span> <span class='ocrx_word' id='word_1_233' title='bbox 1130 2011 1176 2066; x_wconf 90' lang='lat' dir='ltr'><strong><em>De</em></strong></span> <span class='ocrx_word' id='word_1_234' title='bbox 1209 2011 1353 2068; x_wconf 85' lang='lat' dir='ltr'><strong><em>communi</em></strong></span> 
     </span>
     <span class='ocr_line' id='line_1_41' title="bbox 788 2090 1350 2158; baseline 0.005 -14"><span class='ocrx_word' id='word_1_235' title='bbox 788 2091 936 2158; x_wconf 82' lang='lat' dir='ltr'><strong><em>sententie,</em></strong></span> <span class='ocrx_word' id='word_1_236' title='bbox 951 2091 1043 2147; x_wconf 83' lang='lat' dir='ltr'><strong><em>faeere</em></strong></span> <span class='ocrx_word' id='word_1_237' title='bbox 1064 2098 1115 2147; x_wconf 77' lang='lat' dir='ltr'><strong><em>eut</em></strong></span> <span class='ocrx_word' id='word_1_238' title='bbox 1135 2090 1284 2146; x_wconf 83' lang='lat' dir='ltr'><strong><em>instituere</em></strong></span> <span class='ocrx_word' id='word_1_239' title='bbox 1298 2091 1350 2147; x_wconf 86' lang='lat' dir='ltr'><strong><em>eli-</em></strong></span> 
     </span>
    </p>
   </div>
   <div class='ocr_carea' id='block_1_5' title="bbox 164 2166 1354 2491">
    <p class='ocr_par' dir='ltr' id='par_1_6' title="bbox 164 2166 1354 2491">
     <span class='ocr_line' id='line_1_42' title="bbox 168 2166 1352 2248; baseline -0.001 -21"><span class='ocrx_word' id='word_1_240' title='bbox 168 2170 210 2227; x_wconf 84' lang='lat' dir='ltr'><strong><em>tiu</em></strong></span> <span class='ocrx_word' id='word_1_241' title='bbox 221 2171 335 2235; x_wconf 83' lang='lat' dir='ltr'><strong><em>evincit,</em></strong></span> <span class='ocrx_word' id='word_1_242' title='bbox 347 2189 407 2228; x_wconf 85' lang='lat' dir='ltr'><strong><em>rem</em></strong></span> <span class='ocrx_word' id='word_1_243' title='bbox 418 2172 458 2228; x_wconf 80' lang='lat' dir='ltr'><strong><em>ila</em></strong></span> <span class='ocrx_word' id='word_1_244' title='bbox 472 2190 502 2228; x_wconf 82' lang='lat' dir='ltr'><strong><em>se</em></strong></span> <span class='ocrx_word' id='word_1_245' title='bbox 515 2172 630 2241; x_wconf 84' lang='lat' dir='ltr'><strong><em>habere,</em></strong></span> <span class='ocrx_word' id='word_1_246' title='bbox 642 2172 672 2229; x_wconf 87' lang='lat' dir='ltr'><strong><em>ii.</em></strong></span> <span class='ocrx_word' id='word_1_247' title='bbox 685 2178 732 2231; x_wconf 84' lang='lat'><strong><em>33.</em></strong></span> <span class='ocrx_word' id='word_1_248' title='bbox 786 2169 865 2244; x_wconf 84' lang='lat' dir='ltr'><strong><em>quid.</em></strong></span> <span class='ocrx_word' id='word_1_249' title='bbox 909 2169 967 2240; x_wconf 73' lang='lat' dir='ltr'><strong><em>Sin,</em></strong></span> <span class='ocrx_word' id='word_1_250' title='bbox 983 2173 1062 2248; x_wconf 90' lang='grc' dir='ltr'>κοινῷ</span> <span class='ocrx_word' id='word_1_251' title='bbox 1075 2166 1152 2246; x_wconf 79' lang='grc' dir='ltr'>λόγῳ</span> <span class='ocrx_word' id='word_1_252' title='bbox 1164 2167 1283 2246; x_wconf 82' lang='grc' dir='ltr'>πέμπειν</span> <span class='ocrx_word' id='word_1_253' title='bbox 1297 2169 1352 2243; x_wconf 91' lang='grc' dir='ltr'>α’γ-</span> 
     </span>
     <span class='ocr_line' id='line_1_43' title="bbox 165 2247 1353 2328; baseline 0.003 -23"><span class='ocrx_word' id='word_1_254' title='bbox 165 2269 194 2306; x_wconf 86' lang='grc' dir='ltr'>α.</span> <span class='ocrx_word' id='word_1_255' title='bbox 204 2249 302 2308; x_wconf 61' lang='lat' dir='ltr'><strong><em>rumuli?</em></strong></span> <span class='ocrx_word' id='word_1_256' title='bbox 311 2248 397 2323; x_wconf 91' lang='grc' dir='ltr'>λόγος</span> <span class='ocrx_word' id='word_1_257' title='bbox 408 2250 599 2328; x_wconf 83' lang='grc' dir='ltr'>αἱρέει,τοῦτον</span> <span class='ocrx_word' id='word_1_258' title='bbox 608 2250 732 2322; x_wconf 81' lang='grc' dir='ltr'>ἑσσωθῆ-</span> <span class='ocrx_word' id='word_1_259' title='bbox 775 2247 898 2321; x_wconf 83' lang='grc' dir='ltr'>,γε’λους,</span> <span class='ocrx_word' id='word_1_260' title='bbox 913 2252 932 2307; x_wconf 88' lang='lat' dir='ltr'><strong><em>i.</em></strong></span> <span class='ocrx_word' id='word_1_261' title='bbox 962 2257 1028 2308; x_wconf 87' lang='grc'><strong>141.</strong></span> <span class='ocrx_word' id='word_1_262' title='bbox 1058 2261 1130 2309; x_wconf 78' lang='lat' dir='ltr'><strong><em>extr.</em></strong></span> <span class='ocrx_word' id='word_1_263' title='bbox 1160 2247 1353 2326; x_wconf 77' lang='grc' dir='ltr'>στρατεύοντες</span> 
     </span>
     <span class='ocr_line' id='line_1_44' title="bbox 166 2327 1352 2430; baseline 0.002 -44"><span class='ocrx_word' id='word_1_264' title='bbox 166 2353 224 2400; x_wconf 92' lang='grc' dir='ltr'>ναι,</span> <span class='ocrx_word' id='word_1_265' title='bbox 239 2333 360 2389; x_wconf 85' lang='lat' dir='ltr'><strong><em>Minime</em></strong></span> <span class='ocrx_word' id='word_1_266' title='bbox 379 2341 423 2390; x_wconf 87' lang='lat' dir='ltr'><strong><em>est</em></strong></span> <span class='ocrx_word' id='word_1_267' title='bbox 440 2333 584 2402; x_wconf 82' lang='lat' dir='ltr'><strong><em>credibile,</em></strong></span> <span class='ocrx_word' id='word_1_268' title='bbox 600 2332 733 2408; x_wconf 83' lang='lat' dir='ltr'><strong><em>(Rationi</em></strong></span> <span class='ocrx_word' id='word_1_269' title='bbox 786 2327 830 2385; x_wconf 78' lang='grc' dir='ltr'><strong><em>ἔπ’</em></strong></span> <span class='ocrx_word' id='word_1_270' title='bbox 842 2327 942 2396; x_wconf 68' lang='lat' dir='ltr'><strong><em>uulturio</em></strong></span> <span class='ocrx_word' id='word_1_271' title='bbox 953 2334 1034 2409; x_wconf 90' lang='grc' dir='ltr'>κοινῷ</span> <span class='ocrx_word' id='word_1_272' title='bbox 1045 2329 1124 2409; x_wconf 74' lang='grc' dir='ltr'>λόγῳ</span> <span class='ocrx_word' id='word_1_273' title='bbox 1138 2328 1318 2430; x_wconf 51' lang='grc' dir='ltr'>χρησόμενοι,</span> <span class='ocrx_word' id='word_1_274' title='bbox 1331 2333 1352 2389; x_wconf 90' lang='lat' dir='ltr'><strong><em>i.</em></strong></span> 
     </span>
     <span class='ocr_line' id='line_1_45' title="bbox 164 2409 1354 2491; baseline 0.003 -24"><span class='ocrx_word' id='word_1_275' title='bbox 164 2427 222 2468; x_wconf 85' lang='lat' dir='ltr'><strong><em>non</em></strong></span> <span class='ocrx_word' id='word_1_276' title='bbox 237 2420 282 2470; x_wconf 86' lang='lat' dir='ltr'><strong><em>est</em></strong></span> <span class='ocrx_word' id='word_1_277' title='bbox 291 2421 513 2472; x_wconf 78' lang='lat' dir='ltr'><strong><em>cousentaneum</em></strong></span> <span class='ocrx_word' id='word_1_278' title='bbox 526 2421 559 2470; x_wconf 91' lang='lat' dir='ltr'><strong><em>ut</em></strong></span> <span class='ocrx_word' id='word_1_279' title='bbox 569 2412 732 2491; x_wconf 79' lang='lat' dir='ltr'><strong><em>credamus)</em></strong></span> <span class='ocrx_word' id='word_1_280' title='bbox 789 2413 855 2468; x_wconf 84' lang='lat'><strong>166.</strong></span> <span class='ocrx_word' id='word_1_281' title='bbox 879 2432 907 2469; x_wconf 89' lang='grc' dir='ltr'>α.</span> <span class='ocrx_word' id='word_1_282' title='bbox 932 2413 962 2469; x_wconf 92' lang='lat' dir='ltr'><strong><em>ii.</em></strong></span> <span class='ocrx_word' id='word_1_283' title='bbox 988 2418 1036 2470; x_wconf 88' lang='lat'><strong><em>30.</em></strong></span> <span class='ocrx_word' id='word_1_284' title='bbox 1060 2432 1095 2470; x_wconf 88' lang='lat' dir='ltr'><strong><em>m.</em></strong></span> <span class='ocrx_word' id='word_1_285' title='bbox 1119 2435 1158 2489; x_wconf 88' lang='grc' dir='ltr'><strong><em>μη</em></strong></span> <span class='ocrx_word' id='word_1_286' title='bbox 1179 2415 1256 2488; x_wconf 91' lang='grc' dir='ltr'>κοινῷ</span> <span class='ocrx_word' id='word_1_287' title='bbox 1275 2409 1354 2489; x_wconf 80' lang='grc' dir='ltr'>λόγῳ</span> 
     </span>
    </p>
   </div>
   <div class='ocr_carea' id='block_1_6' title="bbox 163 2488 1353 2652">
    <p class='ocr_par' dir='ltr' id='par_1_7' title="bbox 163 2488 1353 2652">
     <span class='ocr_line' id='line_1_46' title="bbox 164 2488 1351 2570; baseline 0.004 -25"><span class='ocrx_word' id='word_1_288' title='bbox 164 2491 241 2550; x_wconf 86' lang='lat' dir='ltr'><strong><em>hunc</em></strong></span> <span class='ocrx_word' id='word_1_289' title='bbox 259 2493 346 2550; x_wconf 81' lang='lat' dir='ltr'><strong><em>fuisse</em></strong></span> <span class='ocrx_word' id='word_1_290' title='bbox 365 2494 518 2562; x_wconf 83' lang='lat' dir='ltr'><strong><em>devictum,</em></strong></span> <span class='ocrx_word' id='word_1_291' title='bbox 533 2494 573 2551; x_wconf 88' lang='lat' dir='ltr'><strong><em>iii.</em></strong></span> <span class='ocrx_word' id='word_1_292' title='bbox 589 2498 639 2552; x_wconf 84' lang='lat'><strong><em>45.</em></strong></span> <span class='ocrx_word' id='word_1_293' title='bbox 655 2514 689 2553; x_wconf 82' lang='lat' dir='ltr'><strong><em>m.</em></strong></span> <span class='ocrx_word' id='word_1_294' title='bbox 698 2500 730 2570; x_wconf 83' lang='lat' dir='ltr'><strong><em>f,</em></strong></span> <span class='ocrx_word' id='word_1_295' title='bbox 783 2488 958 2562; x_wconf 78' lang='grc' dir='ltr'>πεποιηκότες</span> <span class='ocrx_word' id='word_1_296' title='bbox 975 2491 1039 2551; x_wconf 76' lang='lat' dir='ltr'><strong><em>iusi</em></strong></span> <span class='ocrx_word' id='word_1_297' title='bbox 1061 2496 1157 2561; x_wconf 84' lang='grc' dir='ltr'>ταῦτα,</span> <span class='ocrx_word' id='word_1_298' title='bbox 1178 2493 1220 2549; x_wconf 88' lang='lat' dir='ltr'><strong><em>iii.</em></strong></span> <span class='ocrx_word' id='word_1_299' title='bbox 1239 2497 1307 2550; x_wconf 87' lang='grc'><strong>119.</strong></span> <span class='ocrx_word' id='word_1_300' title='bbox 1323 2513 1351 2551; x_wconf 87' lang='lat' dir='ltr'><strong><em>a.</em></strong></span> 
     </span>
     <span class='ocr_line' id='line_1_47' title="bbox 163 2569 1353 2652; baseline 0.001 -24"><span class='ocrx_word' id='word_1_301' title='bbox 163 2569 223 2630; x_wconf 74' lang='grc' dir='ltr'>οὐδὲ</span> <span class='ocrx_word' id='word_1_302' title='bbox 247 2571 335 2646; x_wconf 86' lang='grc' dir='ltr'>λόγος</span> <span class='ocrx_word' id='word_1_303' title='bbox 355 2571 449 2650; x_wconf 79' lang='grc' dir='ltr'>αἱρέει,</span> <span class='ocrx_word' id='word_1_304' title='bbox 465 2572 656 2652; x_wconf 69' lang='grc' dir='ltr'>ἀναδεχθῆναι</span> <span class='ocrx_word' id='word_1_305' title='bbox 677 2573 730 2632; x_wconf 87' lang='grc' dir='ltr'>α’σ-</span> <span class='ocrx_word' id='word_1_306' title='bbox 785 2569 929 2642; x_wconf 75' lang='lat' dir='ltr'><strong><em>Similiter,</em></strong></span> <span class='ocrx_word' id='word_1_307' title='bbox 949 2575 1061 2632; x_wconf 81' lang='lat' dir='ltr'><strong><em>Famuli</em></strong></span> <span class='ocrx_word' id='word_1_308' title='bbox 1086 2573 1236 2648; x_wconf 81' lang='lat' dir='ltr'><strong><em>Cambysie</em></strong></span> <span class='ocrx_word' id='word_1_309' title='bbox 1256 2573 1353 2630; x_wconf 86' lang='lat' dir='ltr'><strong><em>occul·</em></strong></span> 
     </span>
    </p>
   </div>
   <div class='ocr_carea' id='block_1_7' title="bbox 152 2651 1353 4645">
    <p class='ocr_par' dir='ltr' id='par_1_8' title="bbox 152 2651 1353 4645">
     <span class='ocr_line' id='line_1_48' title="bbox 159 2651 1353 2732; baseline 0.003 -24"><span class='ocrx_word' id='word_1_310' title='bbox 159 2651 290 2723; x_wconf 69' lang='grc' dir='ltr'>πίδανί.</span> <span class='ocrx_word' id='word_1_311' title='bbox 308 2658 374 2712; x_wconf 86' lang='grc'><strong>124.</strong></span> <span class='ocrx_word' id='word_1_312' title='bbox 389 2655 469 2730; x_wconf 86' lang='lat' dir='ltr'><strong><em>Cous.</em></strong></span> <span class='ocrx_word' id='word_1_313' title='bbox 484 2675 633 2713; x_wconf 79' lang='lat' dir='ltr'><strong><em>moenum.</em></strong></span> <span class='ocrx_word' id='word_1_314' title='bbox 650 2661 679 2713; x_wconf 82' lang='lat'><strong><em>2.</em></strong></span> <span class='ocrx_word' id='word_1_315' title='bbox 782 2652 891 2710; x_wconf 80' lang='lat' dir='ltr'><strong><em>tarunt&#39;</em></strong></span> <span class='ocrx_word' id='word_1_316' title='bbox 904 2655 1035 2712; x_wconf 79' lang='lat' dir='ltr'><strong><em>Croesum</em></strong></span> <span class='ocrx_word' id='word_1_317' title='bbox 1062 2653 1107 2714; x_wconf 87' lang='grc' dir='ltr'><strong><em>έπὶ</em></strong></span> <span class='ocrx_word' id='word_1_318' title='bbox 1128 2651 1194 2732; x_wconf 77' lang='grc' dir='ltr'>τῷδε</span> <span class='ocrx_word' id='word_1_319' title='bbox 1218 2651 1353 2732; x_wconf 76' lang='grc' dir='ltr'>τῷλόγῳ</span> 
     </span>
     <span class='ocr_line' id='line_1_49' title="bbox 203 2730 1346 2811; baseline 0 -20"><span class='ocrx_word' id='word_1_320' title='bbox 203 2733 236 2808; x_wconf 82' lang='grc'><strong><em>2)</em></strong></span> <span class='ocrx_word' id='word_1_321' title='bbox 250 2734 301 2792; x_wconf 79' lang='lat' dir='ltr'><strong><em>Au</em></strong></span> <span class='ocrx_word' id='word_1_322' title='bbox 308 2735 422 2811; x_wconf 85' lang='lat' dir='ltr'><strong><em>Agendi</em></strong></span> <span class='ocrx_word' id='word_1_323' title='bbox 432 2737 581 2805; x_wconf 84' lang='lat' dir='ltr'><strong><em>rationem,</em></strong></span> <span class='ocrx_word' id='word_1_324' title='bbox 594 2737 640 2793; x_wconf 89' lang='lat' dir='ltr'><strong><em>vel</em></strong></span> <span class='ocrx_word' id='word_1_325' title='bbox 651 2736 727 2794; x_wconf 84' lang='lat' dir='ltr'><strong><em>Cau·</em></strong></span> <span class='ocrx_word' id='word_1_326' title='bbox 782 2730 851 2792; x_wconf 77' lang='grc' dir='ltr'>ὥστε</span> <span class='ocrx_word' id='word_1_327' title='bbox 870 2743 921 2792; x_wconf 84' lang='lat' dir='ltr'><strong><em>ele.</em></strong></span> <span class='ocrx_word' id='word_1_328' title='bbox 944 2735 999 2793; x_wconf 89' lang='lat' dir='ltr'><strong><em>hoc</em></strong></span> <span class='ocrx_word' id='word_1_329' title='bbox 1020 2737 1146 2800; x_wconf 87' lang='lat' dir='ltr'><strong><em>consilio,</em></strong></span> <span class='ocrx_word' id='word_1_330' title='bbox 1172 2735 1224 2792; x_wconf 85' lang='lat' dir='ltr'><strong><em>huc</em></strong></span> <span class='ocrx_word' id='word_1_331' title='bbox 1241 2754 1346 2804; x_wconf 80' lang='lat' dir='ltr'><strong><em>eausa3</em></strong></span> 
     </span>
     <span class='ocr_line' id='line_1_50' title="bbox 161 2813 1353 2891; baseline 0.001 -20"><span class='ocrx_word' id='word_1_332' title='bbox 161 2833 222 2872; x_wconf 84' lang='lat' dir='ltr'><strong><em>sam</em></strong></span> <span class='ocrx_word' id='word_1_333' title='bbox 235 2835 301 2890; x_wconf 89' lang='lat' dir='ltr'><strong><em>quae</em></strong></span> <span class='ocrx_word' id='word_1_334' title='bbox 310 2819 345 2872; x_wconf 84' lang='lat' dir='ltr'><strong><em>ud</em></strong></span> <span class='ocrx_word' id='word_1_335' title='bbox 355 2817 498 2890; x_wconf 82' lang='lat' dir='ltr'><strong><em>agendum</em></strong></span> <span class='ocrx_word' id='word_1_336' title='bbox 509 2825 613 2887; x_wconf 89' lang='lat' dir='ltr'><strong><em>movet,</em></strong></span> <span class='ocrx_word' id='word_1_337' title='bbox 624 2820 726 2891; x_wconf 83' lang='lat' dir='ltr'><strong><em>resero,</em></strong></span> <span class='ocrx_word' id='word_1_338' title='bbox 777 2817 870 2888; x_wconf 82' lang='lat' dir='ltr'><strong><em>possis</em></strong></span> <span class='ocrx_word' id='word_1_339' title='bbox 895 2817 975 2871; x_wconf 87' lang='lat' dir='ltr'><strong><em>etiarn</em></strong></span> <span class='ocrx_word' id='word_1_340' title='bbox 1002 2817 1130 2886; x_wconf 79' lang='lat' dir='ltr'><strong><em>reddere,</em></strong></span> <span class='ocrx_word' id='word_1_341' title='bbox 1166 2813 1228 2870; x_wconf 83' lang='lat' dir='ltr'><strong><em>haeo</em></strong></span> <span class='ocrx_word' id='word_1_342' title='bbox 1255 2834 1353 2872; x_wconf 85' lang='lat' dir='ltr'><strong><em>seeum</em></strong></span> 
     </span>
     <span class='ocr_line' id='line_1_51' title="bbox 153 2892 1351 2974; baseline 0 -24"><span class='ocrx_word' id='word_1_343' title='bbox 153 2899 288 2970; x_wconf 86' lang='lat' dir='ltr'><strong><em>primum,</em></strong></span> <span class='ocrx_word' id='word_1_344' title='bbox 327 2897 456 2973; x_wconf 83' lang='lat' dir='ltr'><strong><em>loquendi</em></strong></span> <span class='ocrx_word' id='word_1_345' title='bbox 487 2917 574 2974; x_wconf 78' lang='lat' dir='ltr'><strong><em>penus</em></strong></span> <span class='ocrx_word' id='word_1_346' title='bbox 614 2898 729 2974; x_wconf 82' lang='lat' dir='ltr'><strong><em>aliquod</em></strong></span> <span class='ocrx_word' id='word_1_347' title='bbox 780 2902 954 2969; x_wconf 80' lang='lat' dir='ltr'><strong><em>reputantes,</em></strong></span> <span class='ocrx_word' id='word_1_348' title='bbox 968 2896 1009 2952; x_wconf 92' lang='lat' dir='ltr'><strong><em>iii.</em></strong></span> <span class='ocrx_word' id='word_1_349' title='bbox 1024 2900 1072 2953; x_wconf 91' lang='grc'><strong>36.</strong></span> <span class='ocrx_word' id='word_1_350' title='bbox 1088 2917 1124 2954; x_wconf 89' lang='lat' dir='ltr'><strong><em>m.</em></strong></span> <span class='ocrx_word' id='word_1_351' title='bbox 1141 2898 1171 2970; x_wconf 82' lang='lat' dir='ltr'><strong><em>f.</em></strong></span> <span class='ocrx_word' id='word_1_352' title='bbox 1188 2892 1247 2954; x_wconf 81' lang='lat' dir='ltr'><strong><em>Sed</em></strong></span> <span class='ocrx_word' id='word_1_353' title='bbox 1257 2896 1351 2951; x_wconf 84' lang='lat' dir='ltr'><strong><em>eodem</em></strong></span> 
     </span>
     <span class='ocr_line' id='line_1_52' title="bbox 161 2973 1350 3054; baseline -0.001 -22"><span class='ocrx_word' id='word_1_354' title='bbox 161 2973 268 3034; x_wconf 89' lang='lat' dir='ltr'><strong><em>Nostro</em></strong></span> <span class='ocrx_word' id='word_1_355' title='bbox 280 2977 439 3052; x_wconf 84' lang='lat' dir='ltr'><strong><em>familiare,</em></strong></span> <span class='ocrx_word' id='word_1_356' title='bbox 461 2978 509 3035; x_wconf 83' lang='lat' dir='ltr'><strong><em>ubi</em></strong></span> <span class='ocrx_word' id='word_1_357' title='bbox 527 2979 631 3048; x_wconf 85' lang='lat' dir='ltr'><strong><em>eudem,</em></strong></span> <span class='ocrx_word' id='word_1_358' title='bbox 646 2998 726 3054; x_wconf 85' lang='lat' dir='ltr'><strong><em>quam</em></strong></span> <span class='ocrx_word' id='word_1_359' title='bbox 775 2974 901 3048; x_wconf 82' lang='lat' dir='ltr'><strong><em>formula</em></strong></span> <span class='ocrx_word' id='word_1_360' title='bbox 912 2973 957 3032; x_wconf 79' lang='grc' dir='ltr'><strong><em>ἐπὶ</em></strong></span> <span class='ocrx_word' id='word_1_361' title='bbox 966 2973 1032 3052; x_wconf 87' lang='grc' dir='ltr'>τῷδε</span> <span class='ocrx_word' id='word_1_362' title='bbox 1042 2980 1078 3052; x_wconf 93' lang='grc' dir='ltr'><strong><em>τῷ</em></strong></span> <span class='ocrx_word' id='word_1_363' title='bbox 1087 2974 1165 3052; x_wconf 76' lang='grc' dir='ltr'>λόγῳ</span> <span class='ocrx_word' id='word_1_364' title='bbox 1176 2974 1261 3030; x_wconf 88' lang='lat' dir='ltr'><strong><em>olium</em></strong></span> <span class='ocrx_word' id='word_1_365' title='bbox 1270 2977 1350 3031; x_wconf 87' lang='lat' dir='ltr'><strong><em>etium</em></strong></span> 
     </span>
     <span class='ocr_line' id='line_1_53' title="bbox 160 3055 1350 3134; baseline -0.003 -21"><span class='ocrx_word' id='word_1_366' title='bbox 160 3058 238 3114; x_wconf 86' lang='lat' dir='ltr'><strong><em>modo</em></strong></span> <span class='ocrx_word' id='word_1_367' title='bbox 256 3059 383 3128; x_wconf 82' lang='lat' dir='ltr'><strong><em>uidimus,</em></strong></span> <span class='ocrx_word' id='word_1_368' title='bbox 392 3060 521 3134; x_wconf 79' lang='lat' dir='ltr'><strong><em>formula</em></strong></span> <span class='ocrx_word' id='word_1_369' title='bbox 539 3057 627 3132; x_wconf 90' lang='grc' dir='ltr'>λόγος</span> <span class='ocrx_word' id='word_1_370' title='bbox 643 3057 727 3134; x_wconf 82' lang='grc' dir='ltr'>αἱρέει</span> <span class='ocrx_word' id='word_1_371' title='bbox 782 3073 860 3112; x_wconf 78' lang='grc' dir='ltr'>νοντα</span> <span class='ocrx_word' id='word_1_372' title='bbox 879 3055 968 3124; x_wconf 80' lang='lat' dir='ltr'><strong><em>lubet,</em></strong></span> <span class='ocrx_word' id='word_1_373' title='bbox 983 3077 1061 3133; x_wconf 83' lang='lat' dir='ltr'><strong><em>quern</em></strong></span> <span class='ocrx_word' id='word_1_374' title='bbox 1080 3077 1141 3114; x_wconf 79' lang='lat' dir='ltr'><strong><em>mon</em></strong></span> <span class='ocrx_word' id='word_1_375' title='bbox 1159 3074 1232 3116; x_wconf 86' lang='lat' dir='ltr'><strong><em>num.</em></strong></span> <span class='ocrx_word' id='word_1_376' title='bbox 1252 3055 1292 3111; x_wconf 90' lang='lat' dir='ltr'><strong><em>iii.</em></strong></span> <span class='ocrx_word' id='word_1_377' title='bbox 1308 3056 1350 3111; x_wconf 86' lang='lat' dir='ltr'><strong><em>ui·</em></strong></span> 
     </span>
     <span class='ocr_line' id='line_1_54' title="bbox 158 3135 912 3213; baseline -0.003 -18"><span class='ocrx_word' id='word_1_378' title='bbox 158 3143 291 3203; x_wconf 87' lang='lat' dir='ltr'><strong><em>ooeurrit,</em></strong></span> <span class='ocrx_word' id='word_1_379' title='bbox 303 3140 354 3196; x_wconf 82' lang='lat' dir='ltr'><strong><em>sed</em></strong></span> <span class='ocrx_word' id='word_1_380' title='bbox 366 3159 399 3198; x_wconf 89' lang='lat' dir='ltr'><strong><em>eu</em></strong></span> <span class='ocrx_word' id='word_1_381' title='bbox 410 3160 470 3198; x_wconf 89' lang='lat' dir='ltr'><strong><em>oum</em></strong></span> <span class='ocrx_word' id='word_1_382' title='bbox 481 3140 652 3197; x_wconf 82' lang='lat' dir='ltr'><strong><em>Accusativo</em></strong></span> <span class='ocrx_word' id='word_1_383' title='bbox 662 3158 726 3213; x_wconf 83' lang='lat' dir='ltr'><strong><em>per·</em></strong></span> <span class='ocrx_word' id='word_1_384' title='bbox 783 3135 912 3193; x_wconf 70' lang='lat' dir='ltr'><strong><em>deluimus.</em></strong></span> 
     </span>
     <span class='ocr_line' id='line_1_55' title="bbox 160 3213 1350 3298; baseline 0.003 -22"><span class='ocrx_word' id='word_1_385' title='bbox 160 3238 239 3276; x_wconf 79' lang='lat' dir='ltr'><strong><em>eonae</em></strong></span> <span class='ocrx_word' id='word_1_386' title='bbox 257 3230 433 3289; x_wconf 75' lang='lat' dir='ltr'><strong><em>construolu;</em></strong></span> <span class='ocrx_word' id='word_1_387' title='bbox 456 3230 486 3277; x_wconf 87' lang='lat' dir='ltr'><strong><em>ul</em></strong></span> <span class='ocrx_word' id='word_1_388' title='bbox 506 3217 726 3298; x_wconf 73' lang='grc' dir='ltr'>μετεκβαίνεσκε,</span> <span class='ocrx_word' id='word_1_389' title='bbox 803 3216 863 3273; x_wconf 85' lang='lat' dir='ltr'>III·</span> <span class='ocrx_word' id='word_1_390' title='bbox 889 3216 1005 3274; x_wconf 70' lang='lat' dir='ltr'><strong><em>Stllloel</em></strong></span> <span class='ocrx_word' id='word_1_391' title='bbox 1027 3213 1122 3290; x_wconf 77' lang='grc' dir='ltr'>Λόγος</span> <span class='ocrx_word' id='word_1_392' title='bbox 1143 3216 1226 3272; x_wconf 67' lang='lat' dir='ltr'><strong><em>ellam</em></strong></span> <span class='ocrx_word' id='word_1_393' title='bbox 1244 3215 1350 3273; x_wconf 67' lang='lat' dir='ltr'><strong><em>intelll-</em></strong></span> 
     </span>
     <span class='ocr_line' id='line_1_56' title="bbox 161 3296 1349 3377; baseline -0.002 -21"><span class='ocrx_word' id='word_1_394' title='bbox 161 3296 309 3376; x_wconf 87' lang='grc' dir='ltr'>όκωςμινό</span> <span class='ocrx_word' id='word_1_395' title='bbox 317 3298 597 3377; x_wconf 84' lang='grc' dir='ltr'>λόγοςαὶρέοι,ἑκτοῦ</span> <span class='ocrx_word' id='word_1_396' title='bbox 606 3299 728 3377; x_wconf 81' lang='grc' dir='ltr'>ἅρματος</span> <span class='ocrx_word' id='word_1_397' title='bbox 780 3299 857 3373; x_wconf 76' lang='lat' dir='ltr'><strong><em>pltur</em></strong></span> <span class='ocrx_word' id='word_1_398' title='bbox 885 3299 1031 3367; x_wconf 80' lang='lat' dir='ltr'><strong><em>ConditiO,</em></strong></span> <span class='ocrx_word' id='word_1_399' title='bbox 1060 3317 1117 3373; x_wconf 83' lang='lat' dir='ltr'><strong><em>qua</em></strong></span> <span class='ocrx_word' id='word_1_400' title='bbox 1149 3297 1257 3372; x_wconf 79' lang='lat' dir='ltr'><strong><em>aliquid</em></strong></span> <span class='ocrx_word' id='word_1_401' title='bbox 1283 3316 1349 3372; x_wconf 87' lang='lat' dir='ltr'><strong><em>pro·</em></strong></span> 
     </span>
     <span class='ocr_line' id='line_1_57' title="bbox 157 3373 1351 3458; baseline -0.002 -22"><span class='ocrx_word' id='word_1_402' title='bbox 157 3376 188 3445; x_wconf 85' lang='grc' dir='ltr'>ές</span> <span class='ocrx_word' id='word_1_403' title='bbox 212 3379 390 3458; x_wconf 75' lang='grc' dir='ltr'>ἁρμάμαξαν,</span> <span class='ocrx_word' id='word_1_404' title='bbox 414 3383 462 3438; x_wconf 81' lang='lat' dir='ltr'><strong><em>vii·</em></strong></span> <span class='ocrx_word' id='word_1_405' title='bbox 485 3387 532 3440; x_wconf 88' lang='lat'><strong><em>41.</em></strong></span> <span class='ocrx_word' id='word_1_406' title='bbox 559 3403 586 3440; x_wconf 90' lang='lat' dir='ltr'><strong><em>u.</em></strong></span> <span class='ocrx_word' id='word_1_407' title='bbox 604 3379 620 3439; x_wconf 89' lang='grc' dir='ltr'>ό</span> <span class='ocrx_word' id='word_1_408' title='bbox 640 3379 728 3448; x_wconf 75' lang='grc' dir='ltr'>θύσας</span> <span class='ocrx_word' id='word_1_409' title='bbox 781 3373 1351 3455; x_wconf 72' lang='grc' dir='ltr'>ταίῑῑίέαταλθκί.ε’νδεξαμένουπόνλόγον</span> 
     </span>
     <span class='ocr_line' id='line_1_58' title="bbox 159 3455 1349 3540; baseline -0.002 -22"><span class='ocrx_word' id='word_1_410' title='bbox 159 3465 264 3537; x_wconf 81' lang='grc' dir='ltr'>χρᾶται</span> <span class='ocrx_word' id='word_1_411' title='bbox 288 3460 373 3540; x_wconf 80' lang='grc' dir='ltr'>(τοῖσι</span> <span class='ocrx_word' id='word_1_412' title='bbox 397 3459 505 3538; x_wconf 75' lang='grc' dir='ltr'>κρέασι)</span> <span class='ocrx_word' id='word_1_413' title='bbox 528 3460 544 3520; x_wconf 89' lang='grc' dir='ltr'>ό</span> <span class='ocrx_word' id='word_1_414' title='bbox 565 3488 591 3520; x_wconf 90' lang='grc' dir='ltr'><strong><em>τι</em></strong></span> <span class='ocrx_word' id='word_1_415' title='bbox 609 3462 655 3538; x_wconf 82' lang='lat' dir='ltr'><strong><em>(id</em></strong></span> <span class='ocrx_word' id='word_1_416' title='bbox 678 3473 727 3533; x_wconf 89' lang='lat' dir='ltr'><strong><em>est,</em></strong></span> <span class='ocrx_word' id='word_1_417' title='bbox 773 3464 827 3519; x_wconf 67' lang='lat' dir='ltr'><strong><em>‘eut</em></strong></span> <span class='ocrx_word' id='word_1_418' title='bbox 837 3457 1117 3538; x_wconf 80' lang='grc' dir='ltr'>ὁμολογήσαντοςέπὶ</span> <span class='ocrx_word' id='word_1_419' title='bbox 1127 3455 1256 3528; x_wconf 77' lang='grc' dir='ltr'>τούτοισι,</span> <span class='ocrx_word' id='word_1_420' title='bbox 1266 3459 1286 3515; x_wconf 89' lang='lat' dir='ltr'><strong><em>i.</em></strong></span> <span class='ocrx_word' id='word_1_421' title='bbox 1299 3463 1349 3516; x_wconf 89' lang='grc'><strong>60.</strong></span> 
     </span>
     <span class='ocr_line' id='line_1_59' title="bbox 159 3537 1349 3620; baseline -0.002 -23"><span class='ocrx_word' id='word_1_422' title='bbox 159 3541 217 3598; x_wconf 83' lang='grc' dir='ltr'>κατ’</span> <span class='ocrx_word' id='word_1_423' title='bbox 230 3539 271 3600; x_wconf 81' lang='grc' dir='ltr'>ἱὶτ-,ι</span> <span class='ocrx_word' id='word_1_424' title='bbox 285 3543 330 3600; x_wconf 81' lang='lat' dir='ltr'><strong><em>vel</em></strong></span> <span class='ocrx_word' id='word_1_425' title='bbox 342 3540 394 3616; x_wconf 80' lang='grc' dir='ltr'>αἱς)</span> <span class='ocrx_word' id='word_1_426' title='bbox 407 3567 457 3619; x_wconf 89' lang='grc' dir='ltr'><strong><em>μιν</em></strong></span> <span class='ocrx_word' id='word_1_427' title='bbox 469 3541 484 3600; x_wconf 92' lang='grc' dir='ltr'>ὁ</span> <span class='ocrx_word' id='word_1_428' title='bbox 496 3541 582 3616; x_wconf 91' lang='grc' dir='ltr'>λόγος</span> <span class='ocrx_word' id='word_1_429' title='bbox 601 3541 693 3620; x_wconf 81' lang='grc' dir='ltr'>αἱρέει,</span> <span class='ocrx_word' id='word_1_430' title='bbox 709 3546 727 3601; x_wconf 90' lang='lat' dir='ltr'><strong><em>i.</em></strong></span> <span class='ocrx_word' id='word_1_431' title='bbox 782 3539 893 3600; x_wconf 84' lang='grc' dir='ltr'>α.τα.ε’πὶ</span> <span class='ocrx_word' id='word_1_432' title='bbox 904 3539 981 3618; x_wconf 81' lang='grc' dir='ltr'>λόγιρ</span> <span class='ocrx_word' id='word_1_433' title='bbox 991 3537 1349 3618; x_wconf 79' lang='grc' dir='ltr'>τοιῷδεπάδεέπισχνέομαι,</span> 
     </span>
     <span class='ocr_line' id='line_1_60' title="bbox 162 3617 1350 3702; baseline -0.004 -24"><span class='ocrx_word' id='word_1_434' title='bbox 162 3626 229 3680; x_wconf 79' lang='lat'>132.</span> <span class='ocrx_word' id='word_1_435' title='bbox 243 3633 315 3680; x_wconf 82' lang='lat' dir='ltr'><strong><em>extr.</em></strong></span> <span class='ocrx_word' id='word_1_436' title='bbox 328 3624 426 3699; x_wconf 79' lang='lat' dir='ltr'><strong><em>quibus</em></strong></span> <span class='ocrx_word' id='word_1_437' title='bbox 437 3626 466 3680; x_wconf 85' lang='lat' dir='ltr'><strong><em>in</em></strong></span> <span class='ocrx_word' id='word_1_438' title='bbox 477 3621 568 3680; x_wconf 78' lang='lat' dir='ltr'><strong><em>loeiscl</em></strong></span> <span class='ocrx_word' id='word_1_439' title='bbox 579 3622 666 3698; x_wconf 89' lang='grc' dir='ltr'>λόγος</span> <span class='ocrx_word' id='word_1_440' title='bbox 675 3645 728 3682; x_wconf 86' lang='lat' dir='ltr'><strong><em>non</em></strong></span> <span class='ocrx_word' id='word_1_441' title='bbox 781 3622 824 3680; x_wconf 81' lang='grc' dir='ltr'><strong><em>ἐπ’</em></strong></span> <span class='ocrx_word' id='word_1_442' title='bbox 832 3621 852 3702; x_wconf 82' lang='grc' dir='ltr'>ῷ</span> <span class='ocrx_word' id='word_1_443' title='bbox 860 3622 1014 3698; x_wconf 80' lang='grc' dir='ltr'>στρατηγός</span> <span class='ocrx_word' id='word_1_444' title='bbox 1023 3617 1350 3696; x_wconf 50' lang='lat' dir='ltr'><strong><em>pericopae-inille</em></strong></span> 
     </span>
     <span class='ocr_line' id='line_1_61' title="bbox 159 3694 1349 3781; baseline -0.003 -22"><span class='ocrx_word' id='word_1_445' title='bbox 159 3711 215 3760; x_wconf 89' lang='lat' dir='ltr'><strong><em>tum</em></strong></span> <span class='ocrx_word' id='word_1_446' title='bbox 239 3704 404 3780; x_wconf 80' lang='lat' dir='ltr'><strong><em>intellipitur</em></strong></span> <span class='ocrx_word' id='word_1_447' title='bbox 429 3705 522 3764; x_wconf 82' lang='lat' dir='ltr'><strong><em>Recta</em></strong></span> <span class='ocrx_word' id='word_1_448' title='bbox 549 3706 623 3762; x_wconf 85' lang='lat' dir='ltr'><strong><em>ratio</em></strong></span> <span class='ocrx_word' id='word_1_449' title='bbox 650 3706 728 3781; x_wconf 85' lang='lat' dir='ltr'><strong><em>eujus</em></strong></span> <span class='ocrx_word' id='word_1_450' title='bbox 782 3702 811 3760; x_wconf 79' lang='grc' dir='ltr'><strong><em>δὲ</em></strong></span> <span class='ocrx_word' id='word_1_451' title='bbox 827 3703 889 3762; x_wconf 77' lang='grc' dir='ltr'>οὔτε</span> <span class='ocrx_word' id='word_1_452' title='bbox 903 3701 960 3774; x_wconf 82' lang='grc' dir='ltr'>ε’γιὶ</span> <span class='ocrx_word' id='word_1_453' title='bbox 981 3713 1033 3760; x_wconf 87' lang='lat' dir='ltr'><strong><em>ete.</em></strong></span> <span class='ocrx_word' id='word_1_454' title='bbox 1048 3702 1097 3758; x_wconf 88' lang='lat' dir='ltr'><strong><em>vii.</em></strong></span> <span class='ocrx_word' id='word_1_455' title='bbox 1123 3705 1190 3757; x_wconf 83' lang='lat'>158.</span> <span class='ocrx_word' id='word_1_456' title='bbox 1204 3702 1232 3774; x_wconf 90' lang='lat' dir='ltr'><strong><em>f.</em></strong></span> <span class='ocrx_word' id='word_1_457' title='bbox 1246 3694 1349 3773; x_wconf 83' lang='grc' dir='ltr'>έτιιμαν</span> 
     </span>
     <span class='ocr_line' id='line_1_62' title="bbox 160 3775 1349 3876; baseline -0.007 -36"><span class='ocrx_word' id='word_1_458' title='bbox 160 3784 296 3842; x_wconf 81' lang='lat' dir='ltr'><strong><em>dictamen</em></strong></span> <span class='ocrx_word' id='word_1_459' title='bbox 332 3785 435 3861; x_wconf 82' lang='lat' dir='ltr'><strong><em>uliquis</em></strong></span> <span class='ocrx_word' id='word_1_460' title='bbox 467 3795 608 3861; x_wconf 83' lang='lat' dir='ltr'><strong><em>sequatur,</em></strong></span> <span class='ocrx_word' id='word_1_461' title='bbox 647 3805 728 3862; x_wconf 81' lang='lat' dir='ltr'><strong><em>quoru</em></strong></span> <span class='ocrx_word' id='word_1_462' title='bbox 781 3782 858 3860; x_wconf 81' lang='grc' dir='ltr'>ὅρκια</span> <span class='ocrx_word' id='word_1_463' title='bbox 871 3783 916 3838; x_wconf 83' lang='grc' dir='ltr'><strong><em>ἐπὶ</em></strong></span> <span class='ocrx_word' id='word_1_464' title='bbox 929 3779 1007 3859; x_wconf 76' lang='grc' dir='ltr'>λόγῳ</span> <span class='ocrx_word' id='word_1_465' title='bbox 1020 3779 1121 3858; x_wconf 82' lang='grc' dir='ltr'>τοιῷδε,</span> <span class='ocrx_word' id='word_1_466' title='bbox 1136 3781 1176 3836; x_wconf 88' lang='lat' dir='ltr'><strong><em>ix.</em></strong></span> <span class='ocrx_word' id='word_1_467' title='bbox 1193 3783 1288 3836; x_wconf 76' lang='lat' dir='ltr'><strong><em>uum.</em></strong></span> <span class='ocrx_word' id='word_1_468' title='bbox 1304 3775 1349 3876; x_wconf 73' lang='grc' dir='ltr'><strong><em>έρὶ</em></strong></span> 
     </span>
     <span class='ocr_line' id='line_1_63' title="bbox 159 3856 1347 3941; baseline -0.012 -15"><span class='ocrx_word' id='word_1_469' title='bbox 159 3865 533 3941; x_wconf 72' lang='lat' dir='ltr'><strong><em>Qualiscumqueratioquae</em></strong></span> <span class='ocrx_word' id='word_1_470' title='bbox 542 3866 728 3940; x_wconf 84' lang='lat' dir='ltr'><strong><em>adagendum</em></strong></span> <span class='ocrx_word' id='word_1_471' title='bbox 782 3872 852 3921; x_wconf 82' lang='grc' dir='ltr'>τοῖσι</span> <span class='ocrx_word' id='word_1_472' title='bbox 867 3861 975 3921; x_wconf 81' lang='grc' dir='ltr'>αιὶτοῖσι</span> <span class='ocrx_word' id='word_1_473' title='bbox 988 3860 1100 3935; x_wconf 90' lang='grc' dir='ltr'>λόγοισι</span> <span class='ocrx_word' id='word_1_474' title='bbox 1114 3867 1185 3916; x_wconf 83' lang='grc' dir='ltr'>τοῖσι</span> <span class='ocrx_word' id='word_1_475' title='bbox 1199 3860 1242 3915; x_wconf 83' lang='grc' dir='ltr'><strong><em>καὶ</em></strong></span> <span class='ocrx_word' id='word_1_476' title='bbox 1256 3856 1347 3928; x_wconf 83' lang='grc' dir='ltr'>αιὶτος,</span> 
     </span>
     <span class='ocr_line' id='line_1_64' title="bbox 160 3939 1349 4021; baseline -0.007 -18"><span class='ocrx_word' id='word_1_477' title='bbox 160 3955 283 4016; x_wconf 85' lang='lat' dir='ltr'><strong><em>moveat,</em></strong></span> <span class='ocrx_word' id='word_1_478' title='bbox 299 3965 332 4002; x_wconf 87' lang='lat' dir='ltr'><strong><em>ue</em></strong></span> <span class='ocrx_word' id='word_1_479' title='bbox 345 3949 413 4021; x_wconf 88' lang='lat' dir='ltr'><strong><em>fere</em></strong></span> <span class='ocrx_word' id='word_1_480' title='bbox 428 3947 558 4008; x_wconf 79' lang='lat' dir='ltr'><strong><em>Quilibet</em></strong></span> <span class='ocrx_word' id='word_1_481' title='bbox 571 3947 659 4004; x_wconf 84' lang='lat' dir='ltr'><strong><em>animi</em></strong></span> <span class='ocrx_word' id='word_1_482' title='bbox 673 3947 726 4003; x_wconf 88' lang='lat' dir='ltr'><strong><em>im·</em></strong></span> <span class='ocrx_word' id='word_1_483' title='bbox 782 3945 822 4003; x_wconf 87' lang='lat' dir='ltr'><strong><em>ix.</em></strong></span> <span class='ocrx_word' id='word_1_484' title='bbox 834 3950 881 4002; x_wconf 88' lang='grc'><strong>33.</strong></span> <span class='ocrx_word' id='word_1_485' title='bbox 892 3951 963 4002; x_wconf 84' lang='lat' dir='ltr'><strong><em>entr.</em></strong></span> <span class='ocrx_word' id='word_1_486' title='bbox 1005 3941 1040 3999; x_wconf 88' lang='lat' dir='ltr'><strong><em>In</em></strong></span> <span class='ocrx_word' id='word_1_487' title='bbox 1049 3939 1175 4016; x_wconf 81' lang='lat' dir='ltr'><strong><em>furnulo</em></strong></span> <span class='ocrx_word' id='word_1_488' title='bbox 1184 3940 1349 4014; x_wconf 81' lang='lat' dir='ltr'><strong><em>posterioris</em></strong></span> 
     </span>
     <span class='ocr_line' id='line_1_65' title="bbox 159 4017 1348 4102; baseline -0.007 -18"><span class='ocrx_word' id='word_1_489' title='bbox 159 4033 263 4100; x_wconf 55' lang='lat' dir='ltr'><strong><em>petum</em></strong></span> <span class='ocrx_word' id='word_1_490' title='bbox 286 4036 317 4083; x_wconf 83' lang='lat' dir='ltr'><strong><em>ul</em></strong></span> <span class='ocrx_word' id='word_1_491' title='bbox 339 4024 355 4083; x_wconf 86' lang='grc' dir='ltr'>ὅ</span> <span class='ocrx_word' id='word_1_492' title='bbox 377 4051 402 4084; x_wconf 90' lang='grc' dir='ltr'><strong><em>τι</em></strong></span> <span class='ocrx_word' id='word_1_493' title='bbox 426 4049 475 4102; x_wconf 87' lang='grc' dir='ltr'><strong><em>μιν</em></strong></span> <span class='ocrx_word' id='word_1_494' title='bbox 497 4025 512 4083; x_wconf 86' lang='grc' dir='ltr'>ό</span> <span class='ocrx_word' id='word_1_495' title='bbox 534 4023 621 4100; x_wconf 88' lang='grc' dir='ltr'>λόγος</span> <span class='ocrx_word' id='word_1_496' title='bbox 634 4024 727 4102; x_wconf 83' lang='grc' dir='ltr'>αἱρέει,</span> <span class='ocrx_word' id='word_1_497' title='bbox 783 4028 840 4082; x_wconf 84' lang='lat' dir='ltr'><strong><em>aevi</em></strong></span> <span class='ocrx_word' id='word_1_498' title='bbox 852 4023 1034 4098; x_wconf 77' lang='lat' dir='ltr'><strong><em>scriptoribus</em></strong></span> <span class='ocrx_word' id='word_1_499' title='bbox 1040 4021 1192 4098; x_wconf 78' lang='lat' dir='ltr'><strong><em>familiari,</em></strong></span> <span class='ocrx_word' id='word_1_500' title='bbox 1207 4018 1253 4077; x_wconf 81' lang='grc' dir='ltr'><strong><em>ε’πὶ</em></strong></span> <span class='ocrx_word' id='word_1_501' title='bbox 1263 4017 1348 4096; x_wconf 86' lang='grc' dir='ltr'>τοότιρ</span> 
     </span>
     <span class='ocr_line' id='line_1_66' title="bbox 157 4098 1349 4182; baseline -0.005 -20"><span class='ocrx_word' id='word_1_502' title='bbox 157 4125 218 4164; x_wconf 86' lang='lat' dir='ltr'><strong><em>enm</em></strong></span> <span class='ocrx_word' id='word_1_503' title='bbox 227 4107 268 4164; x_wconf 91' lang='lat' dir='ltr'><strong><em>H.</em></strong></span> <span class='ocrx_word' id='word_1_504' title='bbox 284 4107 383 4182; x_wconf 79' lang='lat' dir='ltr'><strong><em>Stepn.</em></strong></span> <span class='ocrx_word' id='word_1_505' title='bbox 399 4105 501 4180; x_wconf 80' lang='lat' dir='ltr'><strong><em>(Thes.</em></strong></span> <span class='ocrx_word' id='word_1_506' title='bbox 518 4106 551 4164; x_wconf 86' lang='grc' dir='ltr'><strong>Τ.</strong></span> <span class='ocrx_word' id='word_1_507' title='bbox 567 4109 587 4164; x_wconf 88' lang='lat' dir='ltr'><strong><em>i.</em></strong></span> <span class='ocrx_word' id='word_1_508' title='bbox 603 4112 669 4164; x_wconf 79' lang='lat'>182.</span> <span class='ocrx_word' id='word_1_509' title='bbox 683 4103 728 4182; x_wconf 82' lang='lat' dir='ltr'><strong><em>u.)</em></strong></span> <span class='ocrx_word' id='word_1_510' title='bbox 782 4116 831 4162; x_wconf 86' lang='lat' dir='ltr'><strong><em>out</em></strong></span> <span class='ocrx_word' id='word_1_511' title='bbox 849 4104 894 4162; x_wconf 85' lang='grc' dir='ltr'><strong><em>ἐπὶ</em></strong></span> <span class='ocrx_word' id='word_1_512' title='bbox 918 4101 1023 4168; x_wconf 84' lang='grc' dir='ltr'>τούτοις</span> <span class='ocrx_word' id='word_1_513' title='bbox 1039 4101 1198 4160; x_wconf 82' lang='lat' dir='ltr'><strong><em>uocabulum</em></strong></span> <span class='ocrx_word' id='word_1_514' title='bbox 1209 4098 1287 4178; x_wconf 80' lang='grc' dir='ltr'>λόγῷ</span> <span class='ocrx_word' id='word_1_515' title='bbox 1304 4101 1349 4157; x_wconf 82' lang='lat' dir='ltr'><strong><em>vel</em></strong></span> 
     </span>
     <span class='ocr_line' id='line_1_67' title="bbox 157 4183 1346 4263; baseline -0.005 -20"><span class='ocrx_word' id='word_1_516' title='bbox 157 4189 292 4246; x_wconf 84' lang='lat' dir='ltr'><strong><em>commode</em></strong></span> <span class='ocrx_word' id='word_1_517' title='bbox 305 4189 387 4246; x_wconf 82' lang='lat' dir='ltr'><strong><em>reddi</em></strong></span> <span class='ocrx_word' id='word_1_518' title='bbox 397 4191 495 4263; x_wconf 83' lang='lat' dir='ltr'><strong><em>possit,</em></strong></span> <span class='ocrx_word' id='word_1_519' title='bbox 509 4189 544 4244; x_wconf 88' lang='lat' dir='ltr'><strong><em>In</em></strong></span> <span class='ocrx_word' id='word_1_520' title='bbox 558 4207 727 4262; x_wconf 87' lang='lat' dir='ltr'><strong><em>quemcum·</em></strong></span> <span class='ocrx_word' id='word_1_521' title='bbox 782 4183 879 4259; x_wconf 90' lang='grc' dir='ltr'>λόγοις</span> <span class='ocrx_word' id='word_1_522' title='bbox 897 4183 1040 4241; x_wconf 79' lang='lat' dir='ltr'><strong><em>breuitatis</em></strong></span> <span class='ocrx_word' id='word_1_523' title='bbox 1060 4183 1150 4240; x_wconf 81' lang='lat' dir='ltr'><strong><em>studio</em></strong></span> <span class='ocrx_word' id='word_1_524' title='bbox 1165 4183 1264 4238; x_wconf 84' lang='lat' dir='ltr'><strong><em>omisso</em></strong></span> <span class='ocrx_word' id='word_1_525' title='bbox 1286 4191 1346 4250; x_wconf 89' lang='lat' dir='ltr'><strong><em>est;</em></strong></span> 
     </span>
     <span class='ocr_line' id='line_1_68' title="bbox 156 4262 1349 4348; baseline -0.004 -24"><span class='ocrx_word' id='word_1_526' title='bbox 156 4285 213 4341; x_wconf 89' lang='lat' dir='ltr'><strong><em>que</em></strong></span> <span class='ocrx_word' id='word_1_527' title='bbox 234 4287 319 4326; x_wconf 86' lang='lat' dir='ltr'><strong><em>usum</em></strong></span> <span class='ocrx_word' id='word_1_528' title='bbox 341 4270 367 4326; x_wconf 90' lang='lat' dir='ltr'><strong><em>ei</em></strong></span> <span class='ocrx_word' id='word_1_529' title='bbox 388 4270 481 4348; x_wconf 73' lang='lat' dir='ltr'><strong><em>visum</em></strong></span> <span class='ocrx_word' id='word_1_530' title='bbox 503 4267 599 4336; x_wconf 87' lang='lat' dir='ltr'><strong><em>fuerit,</em></strong></span> <span class='ocrx_word' id='word_1_531' title='bbox 624 4268 678 4332; x_wconf 82' lang='lat' dir='ltr'><strong><em>uel,</em></strong></span> <span class='ocrx_word' id='word_1_532' title='bbox 702 4269 728 4324; x_wconf 87' lang='lat' dir='ltr'><strong><em>ei</em></strong></span> <span class='ocrx_word' id='word_1_533' title='bbox 782 4287 837 4343; x_wconf 85' lang='lat' dir='ltr'><strong><em>quo</em></strong></span> <span class='ocrx_word' id='word_1_534' title='bbox 861 4267 897 4324; x_wconf 86' lang='lat' dir='ltr'><strong><em>de</em></strong></span> <span class='ocrx_word' id='word_1_535' title='bbox 918 4263 1011 4340; x_wconf 80' lang='lat' dir='ltr'><strong><em>ellipsi</em></strong></span> <span class='ocrx_word' id='word_1_536' title='bbox 1035 4267 1064 4322; x_wconf 87' lang='lat' dir='ltr'><strong><em>in</em></strong></span> <span class='ocrx_word' id='word_1_537' title='bbox 1088 4262 1169 4321; x_wconf 84' lang='lat' dir='ltr'><strong><em>Busii</em></strong></span> <span class='ocrx_word' id='word_1_538' title='bbox 1190 4262 1349 4338; x_wconf 82' lang='lat' dir='ltr'><strong><em>Ellipsilns</em></strong></span> 
     </span>
     <span class='ocr_line' id='line_1_69' title="bbox 155 4343 1306 4417; baseline -0.003 -15"><span class='ocrx_word' id='word_1_539' title='bbox 155 4346 281 4417; x_wconf 86' lang='lat' dir='ltr'><strong><em>libuerit,</em></strong></span> <span class='ocrx_word' id='word_1_540' title='bbox 294 4357 351 4415; x_wconf 88' lang='lat' dir='ltr'><strong><em>out,</em></strong></span> <span class='ocrx_word' id='word_1_541' title='bbox 360 4349 415 4406; x_wconf 85' lang='lat' dir='ltr'><strong><em>fert</em></strong></span> <span class='ocrx_word' id='word_1_542' title='bbox 426 4348 549 4406; x_wconf 85' lang='lat' dir='ltr'><strong><em>animus.</em></strong></span> <span class='ocrx_word' id='word_1_543' title='bbox 566 4343 729 4415; x_wconf 63' lang='lat' dir='ltr'><strong><em>Foriensis</em></strong></span> <span class='ocrx_word' id='word_1_544' title='bbox 785 4347 897 4405; x_wconf 80' lang='lat' dir='ltr'><strong><em>Grceor&#39;s</em></strong></span> <span class='ocrx_word' id='word_1_545' title='bbox 912 4345 1064 4404; x_wconf 81' lang='lat' dir='ltr'><strong><em>debuerunt</em></strong></span> <span class='ocrx_word' id='word_1_546' title='bbox 1076 4347 1180 4402; x_wconf 87' lang='lat' dir='ltr'><strong><em>moneri</em></strong></span> <span class='ocrx_word' id='word_1_547' title='bbox 1193 4345 1216 4401; x_wconf 78' lang='lat' dir='ltr'><strong><em>t&#39;·</em></strong></span> <span class='ocrx_word' id='word_1_548' title='bbox 1232 4362 1306 4400; x_wconf 90' lang='lat' dir='ltr'><strong><em>ones.</em></strong></span> 
     </span>
     <span class='ocr_line' id='line_1_70' title="bbox 152 4359 1348 4561; baseline -0.018 -63"><span class='ocrx_word' id='word_1_549' title='bbox 152 4427 193 4505; x_wconf 57' lang='lat' dir='ltr'><strong><em>lul</em></strong></span> <span class='ocrx_word' id='word_1_550' title='bbox 213 4426 301 4504; x_wconf 64' lang='grc' dir='ltr'>ἡμέας</span> <span class='ocrx_word' id='word_1_551' title='bbox 315 4426 401 4502; x_wconf 72' lang='grc' dir='ltr'>λόγος</span> <span class='ocrx_word' id='word_1_552' title='bbox 417 4426 490 4510; x_wconf 76' lang='grc' dir='ltr'>αἱρῇ,</span> <span class='ocrx_word' id='word_1_553' title='bbox 507 4425 539 4484; x_wconf 88' lang='lat' dir='ltr'><strong><em>ou&#39;</em></strong></span> <span class='ocrx_word' id='word_1_554' title='bbox 560 4425 730 4504; x_wconf 74' lang='grc' dir='ltr'>συμμέξομέν</span> <span class='ocrx_word' id='word_1_555' title='bbox 781 4481 784 4486; x_wconf 88' lang='grc'><strong>,</strong></span> <span class='ocrx_word' id='word_1_556' title='bbox 804 4429 859 4487; x_wconf 88' lang='lat' dir='ltr'><strong><em>IV.</em></strong></span> <span class='ocrx_word' id='word_1_557' title='bbox 876 4424 980 4501; x_wconf 84' lang='grc' dir='ltr'>Λόγος,</span> <span class='ocrx_word' id='word_1_558' title='bbox 996 4425 1103 4484; x_wconf 82' lang='lat' dir='ltr'><strong><em>Modus</em></strong></span> <span class='ocrx_word' id='word_1_559' title='bbox 1126 4434 1152 4480; x_wconf 89' lang='lat' dir='ltr'><strong><em>et</em></strong></span> <span class='ocrx_word' id='word_1_560' title='bbox 1173 4359 1261 4561; x_wconf 46' lang='lat'><strong><em>&amp;3⁰</em></strong></span> <span class='ocrx_word' id='word_1_561' title='bbox 1282 4441 1348 4497; x_wconf 76' lang='lat' dir='ltr'><strong><em>quae</em></strong></span> 
     </span>
     <span class='ocr_line' id='line_1_71' title="bbox 154 4499 1346 4586; baseline -0.008 -20"><span class='ocrx_word' id='word_1_562' title='bbox 154 4531 205 4578; x_wconf 77' lang='grc' dir='ltr'>τοι,</span> <span class='ocrx_word' id='word_1_563' title='bbox 216 4511 328 4572; x_wconf 69' lang='lat' dir='ltr'><strong><em>iulet.</em></strong></span> <span class='ocrx_word' id='word_1_564' title='bbox 340 4530 375 4568; x_wconf 89' lang='lat' dir='ltr'><strong><em>m.</em></strong></span> <span class='ocrx_word' id='word_1_565' title='bbox 387 4530 440 4569; x_wconf 89' lang='lat' dir='ltr'><strong><em>non</em></strong></span> <span class='ocrx_word' id='word_1_566' title='bbox 451 4519 506 4567; x_wconf 89' lang='lat' dir='ltr'><strong><em>turn</em></strong></span> <span class='ocrx_word' id='word_1_567' title='bbox 516 4511 654 4586; x_wconf 82' lang='lat' dir='ltr'><strong><em>sipnifiuot</em></strong></span> <span class='ocrx_word' id='word_1_568' title='bbox 665 4508 729 4566; x_wconf 87' lang='lat' dir='ltr'><strong><em>Nisi</em></strong></span> <span class='ocrx_word' id='word_1_569' title='bbox 783 4509 812 4566; x_wconf 90' lang='lat' dir='ltr'><strong><em>in</em></strong></span> <span class='ocrx_word' id='word_1_570' title='bbox 826 4512 910 4568; x_wconf 84' lang='lat' dir='ltr'><strong><em>rebus</em></strong></span> <span class='ocrx_word' id='word_1_571' title='bbox 925 4511 1000 4566; x_wconf 88' lang='lat' dir='ltr'><strong><em>inest</em></strong></span> <span class='ocrx_word' id='word_1_572' title='bbox 1013 4514 1063 4564; x_wconf 87' lang='lat' dir='ltr'><strong><em>aut</em></strong></span> <span class='ocrx_word' id='word_1_573' title='bbox 1082 4514 1211 4576; x_wconf 79' lang='lat' dir='ltr'><strong><em>servatur</em></strong></span> <span class='ocrx_word' id='word_1_574' title='bbox 1237 4499 1271 4559; x_wconf 82' lang='grc' dir='ltr'><strong><em>τιὶ</em></strong></span> <span class='ocrx_word' id='word_1_575' title='bbox 1286 4505 1346 4577; x_wconf 70' lang='lat' dir='ltr'><strong><em>xst-</em></strong></span> 
     </span>
     <span class='ocr_line' id='line_1_72' title="bbox 1038 4605 1080 4645; baseline -0.024 0"><span class='ocrx_word' id='word_1_576' title='bbox 1038 4605 1080 4645; x_wconf 83' lang='lat' dir='ltr'><strong><em>ss</em></strong></span> 
     </span>
    </p>
   </div>
   <div class='ocr_carea' id='block_1_8' title="bbox 0 0 1584 5038">
    <p class='ocr_par' dir='ltr' id='par_1_9' title="bbox 0 0 1584 5038">
     <span class='ocr_line' id='line_1_73' title="bbox 0 0 1584 5038; baseline 0 2"><span class='ocrx_word' id='word_1_577' title='bbox 0 0 1584 5038; x_wconf 95' lang='lat' dir='ltr'><strong><em> </em></strong></span> 
     </span>
    </p>
   </div>
  </div>
 </body>
</html>
