3158 5038
471 227 554 281 ΟΙΔ
1087 230 1169 283 011(

242 359 292 419 47.
307 365 379 414 eutr.
396 359 492 413 vitiose
512 355 645 412 edebatur
668 357 696 410 im
719 352 804 411 Orac.
858 349 961 420 κέαται,
977 349 1052 426 (Ιοα.
1065 369 1119 427 pro
1133 348 1265 428 ᾧκηνται)
1278 352 1298 407 i.
1308 353 1426 426 .172.s.

241 435 310 514 ὀδμή
324 433 449 512 κρατειρὴ
462 431 507 492 oio
522 432 659 513 χελιένης,
676 434 724 492 υθέ
735 453 806 492 numa
857 430 921 508 παρ’
934 431 969 488 ὃν
982 429 1110 506 (Τίγριν)
1125 436 1211 497 Νῖνος
1223 429 1306 496 πόλις
1319 432 1428 502 οἴκητο,

243 521 424 618 ικραταιρίνοιο
438 512 595 594 χελώνης]

224 595 306 666 Οιδα,
324 599 429 654 oideiu
444 595 566 654 Εἰδέναι.
663 626 665 630 ·

223 675 340 746 Οἰδέειν,
351 687 377 734 et
387 675 808 746 otoatvav,Tumere‚Jnflam-

244 765 352 814 matum
367 777 438 815 esse.
463 758 533 814 Iade
544 777 598 832 per
612 757 807 832 metaphoram,

244 839 424 895 similitudine
438 838 483 894 oei
495 839 529 894 ab
545 838 648 894 Ulcere
662 837 753 903 ducta,
766 837 810 893 oei

245 937 263 975 a
276 917 351 975 Mari
359 919 492 976 fluctibus
507 919 613 993 agitato
627 927 657 974 et
670 919 810 974 intumes-

244 995 809 1076 οεηίθ,οἰδεόντωνπρηγμιέτων,Ταωεα-

245 1080 321 1135 tibus
336 1082 430 1148 rebus,
446 1081 477 1136 id
490 1089 531 1136 est
546 1079 734 1148 Exulceratis,
750 1081 810 1134 siue

246 1159 441 1228 Turbulentis,
468 1160 555 1217 Haud
579 1161 646 1216 satis
670 1159 809 1233 tranquil·

246 1241 290 1308 lis,
306 1241 346 1298 iii.
361 1242 409 1302 76.
421 1260 457 1296 m.
472 1249 498 1296 et
514 1242 581 1301 127.
597 1259 624 1296 α.
640 1237 682 1296 N.
699 1240 746 1295 ubi
759 1239 811 1295 alii

245 1318 433 1377 οἰδαινόντων.
448 1319 579 1377 Graecam
585 1319 743 1376 locutionem
749 1322 810 1376 imi·

245 1410 319 1458 tatus
336 1402 443 1469 Cicero,
458 1401 584 1457 Tument
598 1401 721 1474 negotia,
738 1401 811 1456 dixit

247 1481 286 1537 ad
303 1480 390 1537 Attio.
409 1482 467 1537 xiv.
491 1485 520 1536 4.
542 1489 568 1536 et
588 1479 744 1536 Tumorem
764 1499 810 1536 re-

248 1581 322 1628 rum,
341 1561 408 1617 ibid.
428 1562 486 1616 xiv.
508 1565 537 1616 5.
557 1579 623 1635 quae
643 1559 728 1616 uerba
749 1559 810 1618 Er·

247 1649 348 1708 mestus,
364 1641 448 1697 aliam
468 1641 612 1716 quamdam
629 1649 696 1715 puto
716 1649 809 1696 traus-

247 1721 358 1777 iationis
380 1724 514 1778 rationem
537 1730 674 1795 spectans,
700 1717 811 1796 (mempe

247 1802 328 1878 quod,
343 1801 391 1858 ubi
409 1802 517 1858 Tumor
531 1803 560 1857 iu
574 1801 671 1877 aliqua
686 1804 810 1876 corporis

242 1894 328 1958 parte
340 1885 456 1950 exsistit,
472 1883 619 1939 timendum
637 1884 674 1938 sit
692 1901 726 1938 ue
742 1901 810 1958 qra-

247 1965 308 2020 oius
327 1964 468 2039 quidpiam
487 1959 632 2038 sequatur)
654 1963 688 2018 de
709 1963 811 2018 Immi-

245 2045 379 2100 nentibus
397 2045 481 2100 rebus
503 2044 592 2112 novis,
613 2063 663 2099 uec
682 2045 722 2099 ita
741 2043 811 2099 maie

246 2126 445 2199 interpretatus
456 2133 496 2180 est
510 2126 538 2179 im
551 2123 634 2180 Claui
647 2122 737 2180 Cicer.
751 2141 809 2180 ooc.

246 2203 371 2262 Tumcre
386 2213 412 2260 et
425 2205 543 2261 Tumor.

858 513 877 570 i.
893 517 958 571 19³.
972 533 999 570 a.
1012 532 1048 569 m.
1065 511 1126 586 (ubi
1139 513 1272 570 commode
1285 515 1377 582 etiam,
1393 523 1430 570 ut

859 603 886 650 et
899 593 968 649 aiibi
980 593 1104 660 subinde,
1119 594 1237 650 reddere
1254 596 1346 668 possis
1361 595 1430 650 Sita

858 675 926 730 urbs
940 671 1026 747 erat.)
1045 680 1117 730 τοῖσι
1132 671 1183 738 τιίς
1199 673 1299 742 νήσους
1312 671 1429 748 οἰκημέ-

860 776 931 810 νοισι
948 751 1037 822 Ἴωσι,
1051 755 1072 810 i.
1090 757 1158 816 127.
1172 757 1201 826 s.
1219 764 1244 810 et
1263 758 1318 810 τῶν
1335 753 1370 810 ἐν
1391 759 1429 836 τῇ

859 832 961 911 ἠπείρῳ
979 831 1140 909 οἰκημένων,
1154 836 1223 891 ibid.
1241 835 1328 909 pauiu
1347 844 1426 892 arete.

859 921 908 971 ποῖ
926 918 980 986 γῆς
993 911 1140 991 οἰκημένοι,
1156 935 1183 971 υ.
1201 916 1247 976 73.
1262 935 1296 970 m.
1312 914 1361 970 ubi
1375 935 1428 972 uos

859 995 968 1074 quidem
992 1015 1051 1052 cum
1075 994 1184 1070 Salices.
1208 999 1246 1064 πῆ
1269 997 1426 1069 posuimus.

859 1079 916 1132 τῶν
926 1072 1004 1139 έντὸς
1011 1073 1118 1139 Ἀλυος
1125 1079 1250 1153 ποταμοῦ
1258 1073 1426 1150 οἰκημένων,

860 1158 880 1213 i.
888 1161 934 1213 28.
943 1177 969 1213 u.
979 1159 1035 1212 τῶν
1044 1157 1104 1232 περί
1113 1153 1162 1220 mic
1172 1153 1268 1228 πηγιές
1279 1159 1327 1212 τοῦ
1337 1161 1427 1233 Στρυ-

859 1234 946 1313 μόνος
959 1234 1120 1314 οἰκημένων,
1132 1237 1191 1293 viii.
1208 1242 1274 1293 115.
1288 1247 1362 1292 extr.
1378 1238 1429 1294 ubi

861 1317 923 1372 oiim
934 1315 1098 1393 οἰκεομένων
1108 1318 1171 1374 edd.
1184 1320 1279 1374 inuitis
1289 1316 1328 1373 Μ
1329 1315 1352 1372 S
1354 1317 1425 1375 Stis.

862 1396 921 1454 Sed
934 1401 1042 1454 motione
1055 1397 1175 1454 Passioa
1189 1399 1292 1454 dicitur
1305 1394 1323 1466 ἡ
1337 1399 1427 1455 οἰκεο-

860 1475 940 1554 μένη,
966 1475 1059 1554 Regio
1081 1479 1217 1545 habitata,
1240 1478 1344 1534 Incolis
1368 1481 1428 1536 fre-

860 1567 1005 1634 quentata.
1022 1555 1183 1630 ιιίδοιπόρεον
1197 1556 1225 1622 ές
1239 1556 1289 1628 τὴν
1303 1558 1427 1635 οἰκεομέ-

861 1661 922 1707 νην,
935 1639 972 1696 iv.
989 1644 1054 1695 110.
1064 1642 1092 1714 f.
1112 1638 1188 1700 Quid
1196 1642 1234 1696 sit
1243 1659 1307 1695 uero
1320 1641 1395 1715 quod
1403 1641 1425 1696 i.

863 1723 927 1780 170.
936 1723 964 1794 s.
979 1717 1030 1783 mic
1044 1718 1138 1783 ἄλλας
1151 1717 1253 1784 πόλιας
1266 1719 1428 1795 οἰκεομένας

860 1801 937 1867 dicit,
947 1800 1024 1856 baud
1031 1801 1172 1856 admodum
1182 1800 1283 1876 liquet:
1300 1802 1428 1876 equidem

860 1882 1059 1956 interpretatus
1072 1901 1130 1937 sum
1144 1884 1225 1956 quasi
1238 1882 1355 1938 dixisset
1374 1879 1426 1954 πιί-

861 1963 926 2025 λιας
939 1958 992 2016 έπιί
1005 1959 1108 2018 Ἰώνων
1118 1959 1278 2038 οἰκεομένας
1289 1983 1296 2018 :
1309 1971 1427 2036 poteras

861 2044 942 2098 etiam
960 2045 1108 2118 suspicari,
1130 2039 1181 2106 τιίς
1201 2039 1301 2098 ἄλλοθι
1322 2040 1428 2107 πόλιας

861 2119 1020 2198 οἰκεομένας
1041 2132 1091 2180 aui
1109 2119 1266 2198 οἰκημένας,
1291 2126 1426 2198 seriptum

861 2199 1426 2280 ορονιιιίεαε,αιιιτιίςένἠπείρροίκημένας.

227 2281 347 2360 Οἰζυρός
361 2287 419 2342 siue
436 2281 572 2358 Ὀἰζυρὸς,
587 2281 615 2353 η,
629 2281 673 2352 dr,
691 2284 810 2340 Misera·
842 2282 1029 2351 Οίκειοῦσθαι,
1044 2284 1107 2340 uide
1122 2285 1312 2352 Οἰκηϊοῦσθαι.

245 2365 319 2433 bilis,
332 2365 431 2422 Miser.
442 2364 556 2439 ὅίζυρήν
568 2361 681 2440 ἔχοντες
693 2362 809 2433 διαίτην,
843 2360 968 2431 Οἰκέτης,
988 2387 1030 2432 ου,
1048 2360 1072 2428 ὁ,
1099 2361 1291 2439 1)Famulus,
1307 2364 1425 2422 Servus.

245 2444 285 2500 ix.
303 2449 351 2501 82.
367 2454 439 2501 eutr.
456 2445 498 2501 N.

226 2524 377 2592 Οἰηκίζειν,
397 2523 471 2597 (Ιοα.
488 2543 543 2599 pro
558 2543 647 2580 comm.
662 2521 809 2600 οἰακίζειν)

242 2608 371 2680 proprie,
381 2605 581 2660 Gubernaculo
593 2624 691 2680 regere
703 2625 807 2671 nauem,

247 2685 347 2740 deiude
357 2687 509 2761 qeaeratim
525 2685 649 2760 Regere,
664 2685 806 2760 Dirigerc,

247 2765 415 2822 Gubernare
429 2784 486 2821 rem
501 2784 703 2840 quamcumque.
725 2769 807 2822 τελα-

244 2849 317 2923 μῶσι
329 2849 477 2902 σκυτίνοισι
487 2847 654 2915 οἰηκίζοντες
664 2844 715 2910 rtis
725 2845 808 2902 α’σπί-

246 2923 303 2990 δας,
319 2927 339 2982 i.
358 2929 424 2988 171.
440 2947 474 2984 m.

226 3002 308 3075 Οἷκα,
324 3007 423 3076 omos,
437 3016 462 3064 et
476 3003 568 3075 Οἰκὸς,
583 3007 647 3062 aide
658 3025 745 3082 supra
758 3007 808 3062 sub

246 3087 349 3144 Εἰκειν.

227 3165 345 3236 Οἰκέειν,
359 3167 506 3235 Habitare,
519 3167 607 3223 Sedes
619 3185 683 3222 suas
693 3166 807 3222 habere.

246 3244 323 3310 οὗτος
334 3245 349 3304 ὁ
361 3245 445 3323 νομιίς
453 3245 484 3304 έν
494 3245 568 3323 νήσῳ
578 3243 700 3313 οἰκέει,ἰί.
711 3250 766 3304 166
781 3266 807 3302 ο.

246 3325 361 3400 imperf.
374 3328 443 3382 οἰκεε
458 3328 514 3398 γῆν
527 3326 579 3396 την
592 3329 720 3394 Φθιῶτιν,
730 3327 747 3382 i·
760 3330 807 3384 56.

246 3409 316 3481 m.f.
334 3409 381 3466 57.
398 3425 425 3462 a.
441 3407 511 3462 οἰκεε
524 3405 555 3462 ἐν
570 3403 673 3484 Πίνδιρ,
688 3407 707 3463 i.
721 3410 769 3463 56.
779 3410 807 3482 s.

245 3485 352 3543 Aorist.
371 3482 482 3550 τούτους
496 3485 558 3550 τούς
571 3483 678 3562 χοίρους
691 3485 808 3555 οἰκησαν

245 3563 349 3644 χρόνον
357 3565 402 3622 ἐπὶ
410 3562 564 3630 πολλιίν,ἰὶ.
574 3565 808 3624 154.αι.ε’νθαῦτα

244 3644 329 3704 πόλιν
337 3642 526 3723 Μεσαμβρίην
534 3646 659 3716 οἰκησαν,
666 3649 703 3704 vi.
715 3652 761 3704 33.
774 3669 807 3705 m.

244 3728 292 3784 aot
305 3729 413 3804 quidem
424 3727 534 3784 οἰκισαν
545 3727 807 3785 correxeruutEdi-

244 3817 316 3865 tores
330 3808 470 3876 uoauuiii;
492 3808 712 3884 quemadmodum
726 3811 807 3865 etiam

244 3907 292 3944 uos
307 3907 366 3944 oum
380 3889 445 3944 aliis
456 3907 510 3962 pro
524 3886 705 3956 οἰκησάντων,
720 3889 739 3944 i.
757 3892 805 3950 57.

243 3987 279 4024 m.
291 3965 455 4024 οἰκισάντων
465 3971 625 4044 scripsimus
632 3991 641 4036 ;
659 3978 685 4026 et
696 3969 805 4038 οἰκίσαι,

862 2441 894 2499 oti
909 2441 964 2518 γιίρ
978 2440 1051 2500 είναι
1065 2448 1161 2500 τοῦτον
1170 2441 1219 2500 τιίν
1233 2443 1337 2521 χρόνον
1348 2448 1428 2521 σφίσι

862 2545 898 2580 κω
909 2523 970 2580 aiii
981 2533 1051 2581 τοῖσι
1059 2521 1301 2593 ἅλλοισιἛλλησι
1308 2522 1426 2594 οἰκέτας,

861 2605 899 2661 vi.
932 2604 998 2664 137.
1027 2626 1061 2662 m.
1091 2607 1215 2670 Μίκυθος
1241 2603 1346 2674 οἰκέτης
1372 2604 1428 2662 ε’ων

861 2683 1023 2753 Ἀναξίλεω,
1033 2687 1081 2742 vii.
1094 2688 1160 2748 170.
1166 2689 1193 2762 f
1205 2685 1247 2744 N.
1259 2689 1337 2743 etsie
1348 2686 1426 2742 aiibi.

857 2764 923 2821 ¹Sed
942 2764 974 2839 2)
994 2762 1115 2834 Οἰκέται,
1130 2766 1162 2822 ου’
1175 2765 1262 2840 μόνον
1276 2766 1302 2823 οἱ
1322 2765 1427 2837 δοῦλοι,

861 2842 941 2902 ιίλλθ
954 2849 998 2902 καὶ
1012 2845 1115 2910 πάντες
1128 2846 1154 2903 οἰ
1167 2845 1199 2904 έν
1210 2851 1246 2924 τῷ
1258 2847 1331 2924 οἰκιρ,
1352 2849 1427 2918 γυνη

862 2927 907 2982 καὶ
915 2923 1006 2995 τέκνα,
1017 2937 1047 2984 at
1056 2927 1096 2984 ait
1111 2927 1228 2984 Thomas
1238 2927 1319 3004 Maq.
1336 2932 1427 2985 citaris

862 3007 934 3062 iliud
948 3007 1094 3076 Herodoti,
1114 3004 1151 3076 ἣν
1164 3006 1349 3084 κομισάμενος
1362 3005 1427 3074 roric

861 3084 967 3152 οἰκέτας
985 3086 1057 3166 οἰκέῃ
1071 3086 1170 3166 ἐκείνη,
1186 3109 1221 3145 eu
1234 3090 1293 3146 viii.
1313 3093 1380 3146 106.
1397 3110 1424 3146 a.

861 3188 896 3224 m.
912 3168 960 3224 ubi
973 3165 1036 3232 τοιίς
1054 3166 1161 3233 οἰκέτας
1176 3170 1264 3245 ρσαίο
1279 3179 1346 3244 post
1365 3173 1427 3244 ipse

862 3247 991 3324 Scriptor
1010 3251 1210 3324 iuterpretatur
1228 3250 1263 3307 rd
1281 3246 1363 3306 τέκνα
1382 3252 1428 3306 καί

861 3325 912 3397 την
933 3337 1063 3402 γυναῖκα.
1107 3330 1187 3386 Attae·
1207 3333 1316 3406 quidem
1329 3331 1427 3406 junqit

861 3406 942 3468 τέκνα
952 3432 979 3466 τε
989 3410 1033 3466 καί
1043 3407 1106 3474 roric
1114 3407 1229 3480 οἰκέτας,
1241 3414 1261 3468 i.
1270 3431 1295 3467 e.
1306 3411 1427 3468 Liberos

861 3498 891 3546 et
902 3497 990 3546 totam
1001 3491 1160 3558 Familiam,
1172 3491 1351 3548 Domesticos
1362 3511 1425 3548 om-

861 3589 921 3638 nes,
938 3570 995 3626 viii.
1013 3575 1041 3626 4.
1050 3573 1079 3646 f.
1095 3569 1136 3626 N.
1151 3569 1264 3628 Rursus
1278 3572 1337 3628 viii.
1358 3577 1424 3628 142.

861 3669 895 3706 m.
910 3653 938 3726 f.
954 3651 1112 3726 junqumtur
1125 3653 1235 3727 quidem
1251 3649 1383 3725 γυναῖκές
1396 3675 1425 3709 τε

861 3731 905 3786 καί
919 3727 952 3786 τιέ
966 3729 995 3795 ές
1012 3728 1136 3808 πόλεμον
1153 3728 1282 3808 ἄχρηστα
1302 3730 1426 3789 οἰκετέων

861 3808 982 3886 ἐχόμενα
997 3810 1100 3877 πάντα,
1111 3813 1161 3868 sed
1174 3813 1345 3888 deiudeeap.
1359 3817 1424 3870 144.

861 3910 895 3946 m.
905 3893 934 3964 f.
951 3891 1045 3947 eadem
1060 3893 1173 3948 Uxores
1187 3913 1253 3948 cum
1270 3893 1381 3949 Liberis
1397 3903 1427 3950 et

861 3971 1291 4029 totaFamiliacommuaimomiae
1300 3970 1427 4030 οἰκετέων

244 4047 293 4103 vii.
317 4050 382 4108 170.
401 4067 435 4104 αι.
456 4046 498 4104 Ν.
520 4068 573 4122 pro
596 4051 712 4117 οἰκῆσαι,
735 4049 809 4124 quod
861 4051 1051 4126 iudiqitaatur,
1065 4052 1113 4109 ubi
1131 4055 1172 4110 ait
1190 4051 1259 4110 dors
1278 4051 1428 4128 ἐπιθρέψαι

245 4127 308 4182 edd.
325 4136 389 4183 veit.
406 4137 432 4184 ei
445 4126 483 4183 Μ
484 4126 553 4184 SSti
566 4129 709 4186 dederant.
738 4127 806 4185 Vide
859 4127 967 4187 ε’θέλειν
981 4128 1074 4208 ἡμέων
1088 4130 1151 4196 roric
1164 4131 1281 4198 οἰκέτας.

239 4209 332 4282 iufra,
348 4225 406 4263 ooo.
423 4209 558 4274 Οἰκίζειν.
840 4205 958 4285 [Οἰκηέη
966 4231 1116 4288 perperam
1125 4213 1188 4270 oiim
1197 4215 1260 4271 edd.
1267 4233 1322 4289 pro
1332 4214 1426 4284 Οἰκίη,

283 4285 455 4362 Frequenter
465 4285 648 4344 Proeteritum
659 4287 741 4345 Pass.
758 4309 805 4346 ea·
860 4291 879 4346 i.
897 4293 964 4354 107.
973 4289 1020 4368 f.]

244 4367 304 4424 dem
328 4369 444 4436 notiore,
470 4387 525 4443 qua
545 4366 679 4424 Praeseus
702 4367 805 4439 Actioi,
841 4369 963 4440 Οίκήίος,
978 4395 1004 4441 η,
1024 4395 1065 4440 ον,
1085 4369 1160 4446 (Ιοα.
1178 4391 1232 4449 pro
1248 4371 1363 4450 οἰκεῖος)
1394 4374 1428 4451 1)

243 4457 404 4522 usurpatur.
417 4447 446 4504 αἰ
457 4444 504 4504 δυό
515 4444 640 4523 (πόλιες)
652 4444 751 4516 νήσους
764 4450 805 4505 οἰ-
861 4451 920 4512 Qui
947 4471 982 4508 ex
1006 4453 1106 4510 eadem
1131 4453 1236 4518 Domo,
1262 4473 1299 4510 cx
1323 4455 1428 4514 eadem
