3052 5040
341 296 418 350 TEI

88 421 207 489 Τείνειν,
220 419 268 478 nli
280 421 315 479 de
328 421 393 481 Stra
410 424 598 501 proproplieo
611 427 672 502 api-

108 510 164 570 tnr,
174 502 314 573 Tendere,
324 503 429 580 Dirigi,
439 505 560 581 Porrigi,
568 503 598 562 rd
609 503 641 581 (i.
649 525 672 562 e.

108 581 178 639 rard
191 579 236 657 ri)
249 581 317 658 πρὸς
328 581 446 657 Λιβύης,
459 581 521 662 ὄρος
534 582 608 642 ἄλλο
619 590 673 642 τεί-

110 683 160 718 νει.
168 663 196 718 ii.
205 667 233 720 8.
244 683 277 720 m.
289 661 306 732 ή
317 662 386 735 α’κτή
396 669 487 732 τείνει,
499 663 534 723 rol
543 665 577 740 (i.
589 686 614 742 q.
626 689 672 722 κα-

107 741 142 798 τιί
156 739 205 818 τθ)
218 740 247 808 ἐς
267 742 427 814 θάλασσαν,
442 744 525 823 μέχρι
543 750 673 822 Τριοπίου

108 819 201 897 ἄκρης,
214 825 253 881 iv.
269 829 318 882 38.
334 825 360 882 ὁ.
390 826 553 902 Eademque
566 829 673 884 notione

108 905 189 958 eliam
215 902 362 962 Passianm
389 916 552 982 nsarpatnr.
596 906 672 963 Nam

107 982 166 1040 loco
180 985 257 1040 mado
271 987 364 1055 citato,
379 987 410 1044 ii.
423 993 452 1044 8.
469 1006 502 1044 nr.
517 985 547 1044 ri
560 983 622 1062 ὅρος
632 989 673 1044 alt

106 1061 672 1143 rerepe'rorrdradrdrrpo'rronelc.ubt'me

107 1145 193 1201 invito
207 1144 381 1224 τεταμμένον
397 1151 426 1204 in
444 1157 566 1205 nostram
580 1167 671 1205 errem-

105 1223 184 1300 plnm
204 1229 353 1301 irrepsisse
373 1229 530 1304 sipnificaai
551 1232 580 1285 in
604 1227 670 1285 Var.

107 1303 187 1363 Lecl.
197 1317 223 1364 el
234 1305 302 1365 Not.
315 1312 388 1383 conf.
401 1313 593 1384 Παρατείνειν.
604 1307 671 1365 Me-

107 1387 250 1460 lnploorr'ce
264 1388 376 1458 dieitur,
391 1391 478 1446 ταῦτα
493 1387 586 1447 πάντα
601 1388 629 1452 ἐς
641 1385 672 1445 σέ

106 1469 199 1537 τείνει,
220 1469 293 1526 Haec
313 1470 409 1526 omnia
428 1471 462 1527 ad
486 1477 513 1527 te
533 1478 671 1546 spectant,

106 1547 143 1603 ad
162 1556 191 1604 te
211 1550 365 1624 pertinent,
384 1551 422 1608 vi.
446 1554 511 1608 109.
524 1554 551 1626 s.
567 1550 609 1606 N.
625 1549 673 1606 abi

103 1629 191 1701 paulo
202 1639 266 1686 ante
276 1632 317 1686 ait
327 1627 432 1700 α’νήκει,
446 1632 540 1688 eadem
550 1633 669 1688 natione.

86 1705 222 1784 Τειχέειν,
238 1710 325 1767 Muro
344 1712 465 1780 munire,
481 1711 567 1768 Muro
581 1712 671 1767 inter-

106 1790 210 1864 cipere.
223 1786 271 1847 τθν
286 1788 387 1868 ίσθμόν
405 1789 530 1869 τειχέειν,
545 1793 604 1849 viii.
620 1795 669 1848 40.

100 1870 130 1943 f.
145 1870 185 1928 ix.
202 1875 231 1927 8.
247 1891 274 1929 a.
296 1869 452 1948 τειχέοντος
470 1869 600 1929 Ἰστιαίου
619 1868 671 1940 τήν

107 1958 158 2008 ete.
174 1951 235 2008 scil.
251 1949 303 2020 τήν
315 1951 401 2009 πόλιν
414 1952 460 2022 ἣν,
475 1972 502 2010 v.
519 1958 567 2010 23.
583 1972 610 2008 o.
626 1950 668 2009 Ν.

107 2027 175 2088 Item
188 2032 359 2108 simpliciter,
379 2034 498 2090 Murum
517 2034 670 2101 aedificnre,

108 2109 236 2170 Struere.
256 2107 287 2170 rd
305 2119 398 2190 τεῖχος
416 2110 448 2171 rd
465 2112 497 2171 ἑν
515 2116 552 2191 τῷ
571 2112 671 2190 Ἰσθμῷ

107 2189 240 2268 ε’τείχεον,
252 2193 292 2250 ix.
310 2194 337 2256 7.
353 2214 380 2250 a.

86 2270 232 2349 Τειχήρηε,
247 2270 272 2342 ὁ,
288 2269 314 2342 ri,
327 2274 408 2331 Intra
421 2275 529 2332 moenie
542 2275 670 2350 compul-

107 2372 163 2418 sus,
192 2354 273 2410 Intra
300 2373 415 2412 murum
441 2355 575 2412 inclusus.
603 2354 671 2419 ὅκως

107 2430 250 2510 τειχήρεας
260 2431 383 2504 ποιήσειε
393 2431 443 2500 τθς
453 2433 565 2505 πόλιας,
575 2437 593 2492 i.
604 2440 670 2493 162.

107 2513 123 2570 b

87 2595 236 2671 Τειχίζειν,
252 2597 272 2652 i.
288 2615 314 2672 q.
330 2592 463 2672 τειχέεινε
485 2598 559 2654 unde
573 2595 671 2652 Passi-

108 2694 170 2732 onm
185 2679 346 2753 τετείχιστο,
360 2678 581 2753 impersonaliter
592 2679 671 2752 posi-

108 2765 172 2823 tam,
201 2757 349 2814 Munitum
376 2765 445 2827 erat,
474 2759 505 2814 id
532 2767 580 2825 est,
609 2758 671 2814 Ex-

108 2844 217 2894 strueta
235 2845 317 2894 erant
334 2839 445 2895 munite
459 2838 589 2906 aedificia,
605 2857 670 2912 quae

108 2918 188 2992 quasi
202 2918 317 2975 castella
330 2915 453 2995 (τείχεα)
468 2927 558 2986 erant,
566 2919 585 2974 i.
602 2922 669 2974 181.

107 3017 135 3054 α.
151 2997 193 3055 N.
209 2998 377 3074 aliquidem
391 2995 547 3074 είμένμτο
561 2992 609 3068 ἦεν
630 2998 670 3055 ίε-
704 2996 889 3076 Τειχοφιίλαξ,
905 3022 979 3068 aroc,
994 2995 1019 3068 d,
1036 2997 1114 3055 Muri
1128 3001 1234 3060 eunice,
1248 2994 1288 3050 iii.

105 3097 165 3154 pas,
190 3077 278 3154 (qnod
300 3088 390 3136 tamen
418 3079 496 3136 nulla
522 3082 671 3136 necessitas

952 297 1041 352 ΤΕΛ

726 423 872 501 ίομίιοτοοι
894 427 1001 485 Totum
1021 445 1137 486 murum
1155 428 1220 494 dici,
1241 425 1292 502 qni

725 525 822 581 nempe
849 508 898 564 los
924 510 973 584 qni
1000 528 1073 584 pone
1100 517 1172 578 sant,
1200 507 1290 565 veluti

725 587 829 644 thorax
852 596 902 645 eut
928 589 1024 653 lorica,
1049 589 1173 664 defendit
1201 597 1227 645 et
1254 587 1289 643 ob

727 666 842 724 lostiom
862 671 964 745 impetn
985 678 1055 726 tutos
1073 677 1206 743 praestat.
1230 667 1289 743 lpi·

726 755 781 816 tnr,
803 750 876 823 quod
900 749 919 805 l.
944 768 968 806 c.
992 752 1032 806 ait
1056 748 1171 817 Noster,
1196 749 1220 804 εί
1245 748 1290 803 καὶ

725 828 826 884 πολλοὶ
839 825 953 904 τειχέων
967 831 1079 893 κιθῶνες
1097 825 1171 898 ήσαν
1184 826 1289 898 ε’ληλο-

724 905 804 983 μένοι
818 906 863 965 im*
876 913 922 965 τοῦ
936 908 1048 986 Ἰσθμοῦ
1058 917 1129 966 τοῖσι
1143 913 1290 966 Πελοπον-

726 992 853 1056 νησίοισι,
869 990 920 1046 Ιιοο
934 990 1025 1046 valet:
1047 991 1180 1046 Etiamsi
1195 990 1290 1066 plures

724 1087 872 1125 murorum
883 1071 997 1126 ordines
1008 1067 1116 1146 (plures
1125 1071 1209 1137 muri,
1218 1069 1291 1126 alter

724 1157 790 1206 ante
803 1150 849 1206 vel
867 1159 931 1225 post
949 1151 1071 1208 alterum
1088 1150 1222 1224 deinceps
1236 1169 1289 1224 po-

724 1226 786 1303 siti)
804 1249 856 1304 per
871 1229 1014 1288 Isthmum
1033 1231 1121 1287 erecti
1139 1230 1290 1288 fuissente

724 1309 947 1385 Peloponnesiis.

766 1387 799 1464 2)
813 1394 922 1468 Τεῖχος,
940 1391 1032 1448 Locus
1050 1409 1132 1448 muro
1150 1390 1289 1459 munitus,

725 1469 811 1540 Urbs,
846 1472 919 1540 Arx,
955 1471 1119 1528 Castellum.
1176 1469 1226 1528 Sia
1259 1466 1290 1527 ri

724 1557 818 1628 τεῖχος
836 1549 866 1608 τό
888 1547 1031 1622 θηβαίων,
1047 1553 1087 1608 ix.
1103 1555 1152 1608 41.
1169 1571 1197 1607 o.
1212 1569 1247 1607 m.
1263 1560 1290 1607 et

726 1635 772 1688 66.
781 1633 809 1706 f.
826 1633 897 1688 idem
912 1641 953 1688 est
966 1652 999 1689 oc
1013 1628 1044 1688 rd
1058 1628 1194 1703 θηβαίων
1208 1626 1288 1701 ἄστυ,

724 1712 867 1787 i1.58.s.
887 1710 916 1776 ές
935 1713 986 1782 τήν
1005 1709 1121 1781 Σηστὸν,
1141 1709 1177 1776 ὠς
1195 1707 1289 1775 ε’όντος

725 1791 907 1867 ἰσχυροτάτου
929 1798 1034 1870 τείχεος
1055 1795 1110 1848 τῶν
1129 1791 1223 1870 ταίιτη,
1246 1792 1287 1850 ix.

727 1876 793 1930 115.
813 1893 840 1929 o.
869 1872 966 1930 Etiam
985 1876 1014 1930 in
1035 1871 1158 1940 Florali,
1181 1875 1289 1928 notione

725 1950 908 2028 Sinpuloris;
930 1963 961 2010 nt
981 1957 1076 2029 τείχεα
1097 1949 1289 2029 μεγάλα-ἤιέ

725 2035 776 2089 νῦν
790 2029 958 2106 Ἀγβάτανα
973 2036 1106 2097 καλεῖται,
1122 2034 1139 2089 i.
1155 2037 1203 2090 98.
1216 2049 1251 2088 m.
1263 2041 1290 2088 et

723 2131 784 2170 mon
800 2114 907 2184 ibidem,
921 2116 1000 2170 τοῦτο
1018 2111 1049 2170 τθ
1067 2120 1170 2190 τεῖχος,
1185 2113 1220 2169 de
1240 2131 1289 2168 eo-

725 2194 784 2250 dem
811 2195 888 2251 urbe.
941 2193 990 2252 Sic
1018 2191 1156 2271 Κιμμέρια
1183 2197 1288 2269 τείχεα,

726 2274 912 2332 Cimmerium
939 2275 1095 2336 castellum,
1120 2275 1158 2331 iv.
1187 2277 1233 2330 12.
1258 2293 1287 2329 a.

727 2353 786 2412 Sed
817 2365 844 2411 et
870 2357 978 2412 notione
1004 2354 1136 2431 plurali:
1174 2353 1289 2429 Scythae

725 2433 794 2512 μήτε
808 2432 895 2493 ἄστεα
908 2433 977 2513 μήτε
990 2439 1085 2512 τείχεα
1099 2435 1218 2504 habeut;
1236 2453 1289 2490 ne·

726 2535 782 2591 que
803 2518 897 2584 urbes,
919 2535 1012 2592 neque
1034 2516 1156 2584 castella,
1177 2515 1216 2572 iv.
1238 2518 1287 2570 46.

718 2599 748 2671 s.
791 2597 897 2654 Darius
917 2597 947 2653 in
969 2596 1086 2672 Scythia
1106 2592 1174 2653 όκτιί
1195 2598 1290 2670 τείχεα

724 2674 829 2754 ε’τείχεε
855 2675 979 2754 μεγάλα,
1000 2678 1037 2734 iv.
1068 2681 1135 2733 124.
1178 2673 1290 2732 Rursus

727 2757 874 2833 Sinpalarr'
887 2777 1018 2814 nurnero:
1040 2753 1129 2829 ἔλαβε
1146 2753 1177 2814 τὸ
1196 2763 1289 2831 τεῖχος

725 2835 756 2895 τό
779 2837 810 2894 ἐν
831 2835 936 2914 Μέμφι,
958 2838 998 2894 iii.
1024 2841 1070 2894 14.
1094 2856 1121 2894 a.
1145 2845 1171 2892 el
1195 2837 1242 2892 91.
1257 2837 1287 2910 f.

725 2918 796 2975 Alia
810 2921 909 2975 omitto.

728 3081 795 3142 157.
811 3087 883 3135 ectr.

108 3157 191 3235 oepit)
203 3160 242 3215 ad
255 3159 365 3216 οετθυιιι
378 3163 527 3236 τετείχιστο
538 3159 672 3236 spectabit
705 3157 819 3229 Τέκνον,
835 3156 875 3228 rd,
891 3160 990 3229 Filius,
1006 3159 1087 3226 Filia,
1103 3156 1211 3214 Proles.
1240 3153 1290 3212 Sic

107 3259 223 3316 sequens
246 3239 442 3298 Nominatioas
462 3237 498 3297 τὰ
521 3236 670 3312 βασιλήια,

108 3322 224 3396 itemque
238 3320 310 3378 alter
324 3319 391 3386 Διός
406 3319 498 3391 Βήλου
512 3317 580 3396 ἱρόν.

87 3398 302 3478 Τειχομαχέειν,
313 3403 488 3478 Oppugnare
499 3420 613 3458 murum
622 3419 672 3457 ttr-

108 3482 159 3550 bis,
174 3483 212 3538 ix·
229 3484 278 3544 70.
295 3502 322 3539 a.
337 3502 372 3540 m.
455 3506 458 3522 ³

88 3565 273 3640 Τειχομαχίη,
293 3559 321 3632 ἡ,
339 3564 441 3639 Pugna
454 3563 528 3621 circs
547 3582 671 3628 murum,

110 3643 295 3718 Oppugnatio
316 3652 345 3699 et
366 3644 501 3701 Defensio
524 3645 609 3712 muri,
630 3645 670 3700 ix.

110 3725 158 3785 70.
173 3743 202 3781 ο.
219 3733 245 3780 et
258 3744 284 3780 a.
298 3743 333 3780 m.

726 3240 760 3296 de
773 3241 853 3308 Filia,
865 3239 967 3316 μούνου
977 3236 1079 3308 ταύτης
1088 3235 1114 3294 oi
1124 3234 1222 3305 εὀίισης
1230 3237 1289 3292 τέκ-

727 3343 784 3390 νου,
794 3321 841 3377 vii.
853 3325 921 3377 224.
931 3330 1003 3378 extr.
1011 3319 1060 3377 ubi
1068 3317 1172 3396 μούνης
1181 3317 1289 3393 quidem

722 3403 887 3477 presserant
901 3402 962 3458 olii.
1006 3399 1101 3458 Etiam
1112 3397 1290 3455 Animalium

726 3483 820 3557 proles
830 3478 912 3539 τέκνα
922 3483 1067 3540 dicantar:
1083 3483 1124 3538 sio
1137 3478 1167 3536 ai
1180 3474 1290 3554 ἔχιδναι

725 3560 871 3620 ἐκλέπουσι
885 3561 995 3620 πολλόν
1008 3585 1033 3618 τι
1052 3563 1147 3638 χρῆμα
1161 3563 1216 3616 τῶν
1230 3554 1289 3614 τέκ-

727 3666 792 3712 νων,
807 3644 847 3700 iii.
866 3648 930 3702 109.
941 3647 969 3718 s.
985 3640 1027 3699 N.
1041 3641 1090 3698 'aot
1108 3641 1160 3697 olii
1181 3639 1289 3714 quidem

725 3721 812 3799 ὀφίων
822 3732 985 3798 posuerunt.

88 3807 199 3880 Τεῖχος,
214 3826 267 3874 εος,
282 3803 323 3874 τὸ,
345 3800 376 3880 1)
391 3804 503 3873 Murus,
518 3807 599 3860 etiam
617 3804 672 3880 lig·
706 3800 869 3867 Τεκνοποιὸς
884 3801 966 3876 γυνή,
979 3801 1086 3860 Mulier
1098 3797 1241 3876 pariendis
1255 3797 1290 3853 li-

90 3904 190 3953 vneus,
210 3892 240 3940 nt
259 3885 307 3941 vii.
325 3888 372 3942 14.
388 3904 444 3961 seq.
460 3885 500 3942 ix.
517 3888 554 3942 65
575 3893 601 3942 et
623 3884 670 3946 70.

109 3965 160 4021 sed
173 3967 289 4022 monime
303 3965 431 4040 lapideus
445 3973 495 4022 eut
507 3965 650 4022 latericius
663 3985 670 4033 ;

726 3884 801 3940 beris
813 3883 925 3940 idonee.
943 3888 1064 3955 γυναῖκα
1078 3874 1237 3938 τεκνοποιὸν
1250 3874 1290 3953 μή

726 3960 857 4037 ι’ίγεσθαι,
872 3964 890 4020 i.
909 3967 957 4020 59.
972 3983 1000 4020 a.

105 4049 269 4121 praesertirn
288 4045 391 4102 Murus
409 4047 507 4115 urbis3
534 4055 564 4102 nt
585 4067 673 4102 κατει-
706 4042 851 4118 Τελαμών,
870 4047 950 4110 ῶνος,
969 4041 994 4111 ὁ,
1015 4043 1165 4118 Ligamen,
1180 4035 1287 4096 Fascia.

109 4123 242 4194 ληθέντες
252 4123 281 4190 ές
291 4124 321 4183 τό
332 4133 433 4202 τεῖχος,
444 4127 462 4182 ἰ.
473 4131 519 4183 80.
530 4135 601 4182 ectr.
613 4123 673 4183 έτι·

108 4203 197 4279 βῆναι
208 4214 254 4263 τοῦ
265 4211 380 4283 τείχεος,
392 4209 410 4262 i.
423 4210 470 4263 84.
480 4215 531 4264 clo.
541 4205 674 4262 Nolernus

727 4123 762 4180 τα
776 4122 858 4182 ἕλκεα
874 4121 1000 4188 σινδόνος
1013 4119 1150 4195 βυσσίνης
1164 4118 1288 4194 τελαμῶη

728 4227 756 4261 σι
771 4207 998 4272 κατειλίσσοντες,
1013 4203 1062 4260 vii.
1081 4207 1147 4259 181.
1156 4203 1184 4278 f.

110 4287 241 4353 hocloco,
261 4307 327 4363 qnos
346 4283 462 4362 τειχέων
480 4285 673 4350 κιθῶναςΗε-
707 4283 829 4354 Τελέειν,
867 4281 897 4359 1)
922 4285 1074 4340 Perficere.
1100 4278 1178 4340 ἔσται
1202 4277 1289 4336 ταῦτα

110 4369 223 4425 rodotas
244 4369 290 4425 vii.
314 4371 381 4424 139.
397 4386 426 4423 a.
447 4365 525 4433 dicit,
545 4387 597 4424 non
615 4385 674 4423 esse

110 4467 181 4526 quas
202 4448 282 4524 culpo
306 4448 422 4505 Loricas
445 4467 592 4504 murorum
614 4445 674 4504 Lo-

111 4533 169 4587 tine
181 4530 311 4588 dicimos:
328 4529 378 4585 sed
388 4529 489 4586 κιθῶνα
504 4527 543 4584 ili
552 4547 607 4604 per
619 4547 674 4584 me-

727 4363 887 4442 τελεύμενα,
900 4365 920 4421 i.
937 4369 1005 4423 206.
1015 4385 1042 4421 ο.
1057 4361 1092 4438 2)
1108 4358 1289 4436 Impendere.

727 4443 756 4512 ἐς
765 4443 814 4504 τθν
823 4443 936 4502 δεῖπνον
945 4442 1105 4522 τετρακόσια
1112 4437 1238 4499 τάλαντα
1246 4457 1289 4493 τε-

728 4523 890 4604 τελεσμένα,
910 4527 958 4585 vii.
981 4529 1046 4582 119.
1061 4525 1086 4581 θ.
1108 4519 1140 4596 3)
1160 4517 1289 4577 Pendere

971 4611 987 4662 3
1011 4626 1029 4666 α
