3158 5038
386 237 486 290 MEX
1008 241 1112 296 MHA

175 358 253 426 Item,
273 361 428 436 pra’posito
449 363 576 433 articulo,
600 361 631 420 τὰ
654 361 737 442 μέχρι
790 369 1008 445 quandoquidem
1031 369 1195 434 simillimum
1218 359 1257 423 est
1278 366 1354 424 illud

175 436 249 516 ἐμεῦ,
261 441 389 517 iii.10.f.
397 440 481 519 μέχρι
492 441 651 512 τῆςέκεένου
663 443 736 513 ζόης,
792 447 981 522 Sophocleum,
1008 449 1041 504 ml
1064 445 1121 524 γιέρ
1142 470 1172 504 σε
1189 443 1229 524 μη“
1252 449 1352 519 γνῶσι,

177 520 234 576 Per
274 528 365 578 totum
401 525 462 600 ejus
501 525 598 592 vitam,
635 525 738 586 Quoad
791 525 913 603 (Eleatr.
930 549 969 586 os.
985 533 1034 586 42.
1050 526 1171 605 σρ.)αοα
1186 523 1354 600 γνώσονται,

176 597 352 676 (Quamdiu)
377 603 407 659 in
433 603 492 660 vita
518 605 631 661 futurus
653 615 736 674 esset,
792 617 817 665 et
831 609 906 665 istud
919 608 1120 676 Demosthenis,
1131 604 1189 664 έστι
1202 609 1280 662 τοῦτο
1294 603 1354 670 δέος

175 679 217 736 111.
236 685 302 738 160.
311 684 340 756 s.
792 685 870 764 -μή
884 685 1102 762 παρασπάσηταί
1115 711 1150 754 τι,
1164 684 1279 762 Olyntlt.
1290 685 1310 741 1.
1319 703 1352 760 ρ.

217 758 384 819 Praesertim
399 765 598 840 frequentatur
611 764 737 838 formula
794 771 840 825 10.
858 769 902 824 ed.
925 767 1024 826 Reislr.
1045 768 1127 826 Alibi
1145 767 1224 848 obuia
1246 763 1353 842 quidem

177 917 262 997 μέχρι
276 917 342 978 ὅσον
356 920 408 998 (al.
424 920 507 1000 μέχρι
521 921 567 998 οὗ)
582 921 667 999 κάρτα
680 921 736 980 ε’δέ-
788 929 953 1004 peroulpato
976 931 1108 985 sermonis
1125 947 1177 984 usu
1194 929 1262 1000 sere
1286 924 1356 981 obli-

179 1023 244 1058 οντο
258 1000 375 1071 ον’τέων,
392 997 546 1074 Cesserunt
567 1005 737 1071 necessitati,

179 1083 317 1157 quamdiu
361 1084 515 1140 admodum
557 1085 739 1158 indiguerunt

178 1162 243 1231 illis,
264 1163 323 1220 viii.
347 1168 374 1220 3.
396 1183 431 1220 m.
451 1167 480 1238 f.
503 1163 562 1220 Sed
577 1164 739 1240 plerumque

182 1241 328 1299 Genitious
342 1243 391 1299 ille
409 1239 441 1300 ol
456 1253 504 1300 aut
523 1241 587 1301 ὅτου
609 1246 648 1300 ita
666 1245 739 1319 adji-

180 1325 262 1392 citur,
276 1331 306 1379 ut
320 1323 411 1379 videri
420 1326 509 1399 possit
520 1323 638 1398 prorsus
652 1324 739 1380 alan-

180 1404 257 1460 dare.
280 1399 362 1479 μέχρι
380 1400 444 1461 ὅτου
466 1401 611 1479 πληθώρης
626 1401 740 1478 α’γορῆς,

179 1484 209 1540 11.
237 1487 302 1546 173.
323 1503 351 1540 α.
372 1503 431 1540 crim
449 1482 514 1540 Var.
530 1483 607 1540 Leot.
629 1493 656 1540 et
672 1483 739 1540 Not.

179 1561 318 1640 μέχριςοῦ
328 1561 400 1639 (siue
409 1567 518 1632 rectius,
529 1561 611 1641 μέχρι
618 1561 664 1637 οὗ)
673 1561 742 1620 ὀκτώ

179 1642 304 1720 πύργων,
313 1645 333 1700 1.
351 1648 416 1701 181.
431 1664 465 1701 m.
481 1641 563 1720 μέχρι
576 1641 608 1700 od
621 1641 742 1718 τροπέων

181 1727 236 1781 τῶν
259 1719 397 1800 θερινέων,
422 1725 451 1781 11.
480 1728 527 1781 19.
543 1744 578 1782 m.
593 1727 622 1798 s.
644 1721 742 1800 μέχρις

182 1801 245 1878 (aut
257 1801 354 1882 μέχρι)
368 1801 400 1860 od
415 1802 520 1880 ἀγορῆς
534 1801 685 1872 διαλύσιος,
700 1804 740 1860 111.

184 1889 252 1941 104.
262 1905 297 1942 m.
306 1881 743 1962 Cujusa’rarotovdiacrotioaem

178 1975 325 2040 perspecte
338 1964 518 2022 Hermannus
537 1968 566 2020 in
587 1961 656 2020 Not.
673 1967 741 2020 251.

793 1016 892 1076 teratu,
902 1007 988 1064 ueluti
998 1009 1107 1064 inlisae
1121 1027 1129 1063 :
1152 1003 1240 1063 οὔκων
1251 1003 1356 1062 δίκαιον

793 1083 865 1144 εἶναι
881 1085 1072 1160 ἱστάναι-μη
1085 1083 1132 1143 mir
1143 1082 1358 1161 θπερβαλλόμε·
1452 1105 1454 1111 ·

795 1189 844 1223 νον
858 1174 930 1224 τοῖσι
941 1165 1056 1240 ἔργοισι,
1076 1167 1106 1224 11.
1129 1171 1194 1222 110.
1207 1167 1236 1240 s.
1259 1162 1355 1242 εἰνάτη

794 1244 823 1302 δέ
849 1245 897 1304 osis
919 1245 1110 1312 ἐξελεύσεσθαι
1128 1243 1247 1323 ἔφασαν,
1267 1241 1306 1320 μὴ
1323 1242 1357 1300 uu’

794 1323 913 1402 πλήρεος
934 1325 1026 1392 ε’ὁντος
1045 1329 1092 1384 τοῦ
1108 1323 1215 1394 κύκλου,
1231 1325 1268 1382 vi.
1287 1327 1355 1380 106.

796 1417 871 1464 extr:
882 1403 942 1464 οὔτε
957 1405 1043 1484 σφέας
1061 1404 1187 1483 κατέχειν
1201 1401 1355 1472 δυνήσεται,

796 1483 864 1543 ώατε
878 1485 909 1543 oti
922 1485 961 1564 μη
976 1487 1050 1564 (alii,
1062 1484 1131 1543 ώστε
1144 1483 1183 1563 μη
1192 1482 1237 1558 ou')
1251 1481 1358 1540 διασκε-

796 1563 934 1636 δασθῆναι
947 1565 998 1636 την
1019 1563 1157 1642 στρατιήν,
1174 1565 1233 1622 ν111.
1258 1567 1306 1620 56.
1326 1565 1356 1637 f.

800 1647 881 1721 Coos.
897 1645 1034 1724 Μηχανὴ,
1050 1666 1121 1704 num.
1138 1651 1164 1703 2.

838 1730 869 1795 2)
883 1725 922 1802 μή
936 1751 961 1784 τι
971 1749 1005 1799 γε
1016 1736 1064 1784 aut
1074 1723 1162 1804 μήτοι
1174 1747 1208 1798 γε
1217 1743 1268 1800 quo
1277 1742 1359 1780 sensu

797 1805 958 1863 Herodotus
982 1807 1087 1864 dixerit
1112 1807 1166 1863 iv.
1181 1808 1229 1866 76.
1258 1823 1285 1860 a.
1313 1803 1360 1859 ubi

797 1885 877 1961 oulpo
894 1886 1003 1962 lepitur‚
1017 1883 1056 1962 μη’
1077 1909 1102 1943 τι
1119 1909 1152 1958 γε
1169 1879 1209 1940 ὧν
1222 1880 1359 1951 ἀλλήλων

798 1973 850 2022 etc.
869 1965 945 2022 laud
960 1968 1028 2022 satis
1049 1964 1221 2040 exploratum
1235 1963 1356 2019 ridetur.

183 2045 221 2100 ad
238 2044 329 2122 Viper.
345 2048 384 2102 ita
398 2045 560 2119 explicavit,
570 2053 600 2100 ut
608 2045 656 2119 qui
666 2063 743 2120 apr.

184 2124 252 2180 dicit
263 2122 347 2202 μέχρι
361 2122 392 2181 od
409 2121 477 2182 ὀκτώ
497 2122 622 2198 πώρχων,
637 2123 744 2180 intelli·
798 2143 864 2181 aero
885 2126 915 2182 ii.
941 2129 988 2182 16.
1009 2145 1043 2181 m.
1063 2123 1262 2201 praeeuutibus
1280 2122 1359 2180 codd.

181 2213 264 2280 patur
278 2207 356 2262 initio
370 2206 463 2268 dicere
477 2204 595 2261 uoluisse
611 2199 693 2280 μέχρι
714 2200 746 2260 od
799 2205 938 2262 nonnullis
951 2225 969 2262 a
983 2205 1060 2262 nobis
1074 2206 1174 2262 editam
1185 2213 1234 2272 est,
1246 2203 1268 2259 εἶ
1283 2199 1322 2279 μή
1336 2223 1362 2258 τι
1388 2235 1390 2240 .

183 2282 250 2342 α’κτώ
264 2283 367 2361 πώργοι
380 2284 441 2348 εἶσὶ,
455 2285 555 2341 ώαέηώσ
568 2303 633 2340 oero
644 2293 746 2341 mutato
800 2281 834 2357 γέ
847 2283 906 2342 ε’στι
924 2289 973 2354 τῆς
985 2283 1092 2354 Ἀσίης,
1107 2287 1138 2341 id
1151 2303 1210 2341 cum
1224 2301 1275 2339 usu
1290 2281 1360 2338 olio-

186 2368 317 2434 oratione,
328 2384 383 2440 pro
397 2365 500 2420 ultimis
521 2364 624 2431 cerdis,
641 2365 747 2421 dixerit
801 2367 848 2440 qui
863 2365 1028 2442 peroulpato
1048 2365 1202 2440 particulae
1224 2361 1262 2438 μή
1284 2385 1310 2419 τι
1330 2384 1364 2434 γε

184 2444 252 2503 ὀκτώ
266 2443 391 2521 πώρχων.
405 2463 500 2519 nempe
514 2453 659 2520 tamquam,
674 2445 748 2519 quod
800 2445 873 2502 ailil
893 2465 1028 2503 commune
1047 2446 1149 2514 lalet;
1171 2443 1221 2500 sed
1244 2451 1292 2500 aut
1311 2443 1364 2498 ad·

186 2528 322 2600 copiosius
337 2527 429 2582 dicere
447 2523 582 2592 uoluerat,
596 2519 668 2581 nunc
683 2524 745 2581 bre·
793 2525 899 2601 jectum
921 2545 1072 2601 pronomen
1096 2548 1121 2582 τι
1144 2527 1196 2580 uim
1220 2522 1363 2600 qnamdam

186 2609 247 2663 aius
261 2624 453 2681 expressurus.
800 2605 929 2681 mojorem
943 2606 1023 2663 addit
1042 2607 1169 2673 orationi,
1189 2612 1237 2660 aut
1254 2602 1362 2678 simpli·

167 2683 225 2756 Μὴ,
257 2685 401 2761 particula
428 2688 564 2760 nepotioa,
595 2682 627 2758 1)
654 2683 745 2740 Inter·
801 2687 869 2743 aiter
882 2683 964 2762 μέρος
979 2710 1005 2742 τι
1020 2689 1073 2742 erit
1086 2685 1299 2760 intellipendum,
1315 2689 1363 2738 aat

189 2768 252 2824 dum
279 2785 338 2822 eum
364 2764 396 2822 od
417 2765 555 2841 junpitur,
584 2764 656 2820 alias
683 2765 748 2822 laio
801 2765 919 2822 aliorum
933 2766 1065 2822 librorum
1078 2767 1219 2840 scriptura
1232 2760 1272 2839 μή
1286 2783 1315 2818 τε
1330 2783 1364 2833 γε

185 2849 353 2922 proeposita,
388 2845 461 2902 alias
494 2846 648 2920 postposita
660 2867 670 2912 ;
707 2848 748 2902 ita
801 2844 944 2902 Herodoto
957 2849 1050 2921 fuerit
1068 2843 1247 2911 restituenda,
1268 2857 1364 2914 nempe

188 2928 305 3004 quidem,
320 2935 350 2982 ut
365 2927 477 3002 junctae
499 2926 566 2982 duee
584 2925 747 2997 partiaulae,
802 2935 832 2982 ut
859 2926 933 3002 lepos
959 2923 998 3002 μή
1025 2947 1053 2982 τε
1082 2947 1115 2997 γε
1137 2919 1244 2990 ἄλλων,
1265 2919 1364 2976 collato

187 3011 246 3064 siae
256 3026 311 3082 per
326 3025 365 3075 se,
379 3009 439 3062 siue
453 3025 509 3081 per
529 3005 679 3078 ellipticam
693 3004 749 3060 ali·
802 3006 886 3062 simili
901 3006 967 3074 loeo,
981 3005 1013 3060 ii.
1029 3008 1079 3060 91.
1096 3023 1122 3060 a.

188 3107 268 3164 quom
281 3089 424 3156 rationem,
438 3089 492 3142 uim
511 3085 629 3141 habeant
642 3083 749 3158 simpli·
844 3083 876 3160 3)
896 3082 936 3162 pn*
947 3084 1099 3160 particula,
1115 3091 1178 3139 ante
1192 3079 1284 3138 vocal.
1299 3083 1365 3148 Μη-

188 3171 228 3226 cis
250 3169 410 3244 repotiaris.
446 3163 550 3240 Nepai,
571 3184 630 3220 oum
654 3164 750 3239 aliqua
803 3162 990 3234 tsedc,temere
998 3167 1027 3220 in
1035 3163 1110 3220 editt.
1121 3160 1366 3218 nonnullisomisso

189 3249 297 3325 quidem
333 3247 510 3304 dubitationis
540 3245 749 3320 sipnijlcatione,
804 3255 865 3302 erat
889 3245 936 3302 vii.
958 3248 1025 3302 214.
1044 3245 1073 3320 f.
1096 3243 1143 3300 ubi
1160 3239 1193 3298 ον’
1212 3240 1365 3298 maluisses.

190 3331 238 3405 qui
264 3328 341 3402 apud
371 3325 505 3384 Nostrum
536 3346 563 3382 v.
594 3327 641 3386 79.
676 3334 748 3382 eutr.
806 3324 865 3382 Sed
878 3325 946 3383 alibi
950 3327 1062 3400 pariter
1070 3321 1109 3400 pri
1118 3324 1197 3400 ponit
1205 3319 1367 3378 Herodotus

191 3411 240 3478 ait,
255 3403 333 3464 α’λλθ
346 3409 459 3484 μᾶλλον
478 3407 517 3482 μη
532 3402 563 3462 od
583 3408 662 3462 τοῦτο
680 3399 699 3486 ᾖ
717 3403 748 3462 sd
804 3406 852 3463 ubi
864 3406 916 3463 olii
927 3408 1077 3482 scriptores
1094 3403 1193 3461 Graeoi
1206 3400 1237 3458 od
1247 3400 1370 3476 posituri

190 3486 374 3565 χρηστήριοντ
404 3488 476 3562 quod
496 3487 566 3542 idem
586 3486 659 3542 ualet
680 3488 752 3542 acsi
804 3496 893 3544 erant.
920 3483 1072 3542 VideNot.
1089 3483 1267 3541 adhaesit.
1319 3530 1323 3537 .

192 3570 316 3635 dioisset,
341 3565 419 3624 α’λλώ
431 3564 511 3643 ὁρᾶτε
532 3567 645 3642 μᾶλλον
662 3566 700 3642 μή
720 3564 752 3622 od
785 3565 910 3643 Mndapsi
924 3561 1141 3642 (siueMndapd,
1153 3572 1183 3620 ut
1194 3567 1368 3618 estoonstan·

193 3658 241 3708 etc.
265 3649 430 3706 Sed'videte
449 3648 554 3723 potius,
571 3665 607 3702 ne
621 3647 674 3702 hoo
693 3665 751 3702 non
805 3655 848 3702 ter
873 3649 902 3702 in
929 3647 995 3703 aliis
1017 3644 1155 3701 nonnullis
1178 3637 1274 3713 codd.)
1296 3640 1315 3693 i.
1332 3655 1369 3718 sq.

193 3730 230 3786 sit
250 3729 391 3786 sesttentia
412 3727 537 3794 oraculi3
574 3721 670 3794 idest,
695 3725 752 3782 Sed
805 3723 1154 3804 pudapa'sc,Nequaquam,
1165 3719 1291 3776 Omnino
1299 3735 1368 3772 non.

192 3809 305 3866 videtur
327 3809 390 3865 haeo
414 3827 473 3864 non
497 3826 558 3863 esse
581 3815 632 3863 etc.
658 3803 753 3880 Nepet
805 3807 934 3880 πρῆγμα,
947 3801 977 3861 nd
996 3803 1032 3861 ἅν
1047 3825 1087 3860 τοι
1106 3796 1239 3877 προσθέω,
1254 3793 1371 3874 μηδαμᾶ

194 3893 274 3946 etiam
305 3891 427 3963 scriptor
458 3895 559 3954 noster,
588 3895 615 3942 et
643 3887 752 3962 quidem
806 3880 984 3961 παραχρήσῃ,
999 3884 1019 3940 i.
1039 3887 1104 3939 108.
1125 3901 1159 3937 m.
1175 3879 1222 3936 ubi
1234 3875 1372 3954 μηδαμῶς

194 3970 318 4026 districte
341 3967 489 4044 nepotuli
515 3969 556 4023 ait
579 3965 610 4022 ου’
632 3962 688 4038 γάρ
713 3962 752 4042 μὴ
803 3958 1267 4040 ρνισ]οπαα1α111.ἄλλωνμηδαμᾶ
1281 3953 1379 4034 μηδα-’

192 4046 346 4118 ἀπώσηται,
360 4050 380 4104 1.
394 4052 459 4105 199.
467 4049 497 4122 s.
509 4047 581 4122 quod
593 4045 754 4121 simpliciter
807 4047 867 4121 μῶν
891 4041 1053 4118 ἀνθρώπων,
1075 4041 1115 4098 Es
1137 4040 1280 4098 nullorum
1302 4034 1370 4112 (uel,

185 4130 277 4198 ualet,
292 4129 355 4186 Neo
368 4129 444 4184 enim
458 4127 640 4202 repudiabit;
659 4128 752 4201 possis
808 4125 869 4181 Nec
892 4119 1030 4197 ullorum)
1051 4123 1165 4179 omnino
1187 4120 1317 4186 aliorum,
1339 4116 1370 4172 11.

194 4218 293 4278 autem,
332 4211 357 4266 si
392 4207 520 4265 subtilius
546 4215 665 4280 spectes,
690 4204 754 4261 sud·
809 4209 857 4262 91.
874 4223 900 4260 a.

195 4290 372 4365 intellipere:
408 4286 440 4344 ου’
467 4283 523 4362 γοῖρ
550 4282 609 4350 θέας
635 4286 693 4342 ἐστὶ
716 4283 755 4362 μή
855 4283 892 4342 Ut
905 4281 1022 4360 ου’δαρᾶ,
1037 4286 1078 4340 sio
1092 4278 1249 4357 etpndapd
1263 4278 1309 4336 uel
1320 4299 1372 4354 μη·

195 4367 359 4439 α’πώσηταιι
380 4387 467 4444 neque
480 4385 589 4424 necesse
604 4366 712 4422 videtur
726 4375 757 4422 ut
810 4363 894 4442 dapd,
922 4364 1038 4422 subinde
1061 4369 1154 4438 potest
1180 4364 1261 4417 etiam
1288 4356 1370 4414 reddi

196 4467 255 4509 cum
269 4453 339 4508 airis
353 4451 439 4508 doctis
457 4444 598 4504 α’τώσεται
623 4448 755 4522 corripas,
810 4446 983 4522 Numquam.
999 4443 1039 4521 μη
1052 4439 1183 4516 γενέσθαι
1197 4436 1311 4514 μηδαμᾶ
1324 4432 1373 4510 μέ·

798 2044 859 2101 Adi
883 2045 923 2102 idi
950 2044 1016 2102 Vor.
1042 2045 1117 2102 Leot.
1141 2053 1167 2102 et
1189 2041 1257 2100 Not.
1279 2041 1361 2104 Quod
1404 2067 1409 2075 ·

1407 810 1417 886 t
1522 825 1528 894 1

178 838 274 918 Μέχρι
287 838 328 910 οὗ,
343 839 407 900 ὅταν
421 843 466 900 uel
476 841 549 900 douo.
560 842 617 912 Sic,
627 852 657 899 ut
665 839 738 900 sisar
791 850 926 904 sententia
946 857 994 915 est,
1012 849 1062 904 sed
1080 849 1208 922 ellipseos
1229 847 1301 902 ratio
1320 864 1356 901 ea
1435 905 1439 916 ,
