3174 5040
385 265 467 324 Elii

1003 267 1085 324 El'II

135 383 618 475 ’βεβαυΐα,7ἰ1.Ηοπι.οορ.33.
651 395 719 456 Vide
773 403 803 453 et
836 395 1023 456 Occasionem
1057 398 1250 476 iutellipebom,
1279 419 1335 477 qua

151 480 231 552 iufra
245 473 446 554 ἐοἬλεκτρον.

190 557 347 633 Perperam
357 559 420 616 olim
428 555 573 631 ἐπέβησαν
585 559 718 617 edebatur

150 637 188 694 vi·
204 643 252 696 83.
267 659 295 696 a.
306 658 362 714 pro
376 636 536 712 ἐπήβησαν.

772 478 837 553 quis
851 480 941 537 utitur
952 480 1086 537 adversus
1100 480 1232 556 aliquem.
1260 479 1334 538 Rec-

771 563 827 615 tius
853 577 919 617 aero
946 563 1027 618 etiam
1047 563 1172 636 sortasse
1199 562 1334 620 Fundam

771 642 830 695 siue
852 640 1083 698 Fundamentum
1106 642 1335 717 interpretaberis

131 715 326 792 Ἔπιβιίλλειν,
353 716 384 792 1)
410 721 531 796 Insuper
549 717 612 796 (aut
635 716 719 794 Post)
771 721 817 776 cui
839 721 941 796 aliquis
964 721 1083 790 Insistit,
1106 723 1138 778 id
1164 730 1213 792 est,
1238 723 1335 800 Argu·

151 801 301 876 conjicere.
314 797 416 857 ἑωυτόν
425 797 550 872 ἐπέβαλε
563 799 593 864 ἐς
605 799 637 858 τό
651 804 715 876 πῦρ,

151 880 189 936 Se
209 881 271 956 ipse
287 889 353 956 post
374 881 437 937 illos
458 879 521 957 (out
538 883 631 958 Super
651 882 716 938 illo·

35 1021 36 1032 η
151 979 211 1016 rcum
234 959 390 1036 cadauera)
413 961 560 1038 inignem
586 963 716 1039 conjecit,

143 1039 197 1096 sii.
222 1042 290 1104 107.
309 1045 339 1117 s.
359 1042 407 1098 ubi
430 1043 482 1099 alii
505 1043 614 1119 quidem
637 1043 716 1119 culpo

149 1117 280 1194 ἐσέβαλε.
293 1126 324 1194 2)
335 1123 489 1199 Imponere
503 1124 642 1191 tributum,
650 1143 715 1198 ρα-

155 1221 217 1258 nam
238 1211 266 1259 et
280 1203 392 1260 similia.
414 1199 555 1279 ἔπρησσον
568 1201 631 1280 παρ’
652 1201 715 1260 ἐκά-

151 1303 223 1339 ατων
234 1281 266 1340 τό
278 1280 402 1349 ἑκάστοις
411 1281 562 1356 ἐπέβαλον,
572 1285 592 1341 i.
606 1287 674 1341 106.
688 1305 713 1340 a.

151 1363 198 1420 ubi
217 1364 282 1420 vide
307 1363 374 1420 Ver.
394 1363 473 1422 Lect.
490 1373 517 1421 et
535 1363 604 1422 Not.
620 1362 715 1442 pupils

150 1439 298 1515 ἐπιβαλιύν
306 1444 396 1521 ἑωυτῷ
404 1443 434 1502 ἐκ
443 1443 660 1522 Λακεδαίμονος,
670 1446 714 1502 vii.

151 1529 178 1584 3·
189 1544 217 1581 a.
227 1520 380 1597 ἐπιβάλλει
392 1523 441 1582 τόν
451 1524 607 1595 δακτύλιον,
619 1527 714 1601 Inpri-

151 1605 203 1660 mit
219 1606 366 1672 annulum,
380 1607 410 1663 ii.
433 1611 480 1663 38.
499 1610 529 1682 s.
551 1605 584 1675 3)
603 1604 663 1662 Ρτο
683 1625 714 1662 co

151 1687 223 1760 qaod
235 1686 288 1742 alii
303 1687 398 1758 dicuni
410 1684 489 1744 τοῦτό
502 1709 548 1763 μοι
562 1683 714 1759 ἐπιβάλλει

152 1775 200 1822 aut
210 1764 274 1841 ἐμοὶ
287 1763 437 1838 ἐπιβάλλει
448 1775 538 1824 ποιεῖν
549 1769 636 1837 τοῦτο,
649 1769 714 1825 Hoc

151 1847 220 1903 mihi
240 1848 388 1912 incumbit,
403 1849 451 1904 Ad
469 1867 515 1905 me
533 1849 659 1924 pertinet
670 1849 713 1904 ie-

150 1945 213 1983 cere
231 1928 295 1997 hoc,
316 1925 403 2004 (cous.
420 1927 518 1986 Leaeic.
539 1928 640 2005 Polyb.
656 1947 713 1985 ooc.

151 2004 321 2080 ἐπιβάλλειν
335 2028 406 2065 uem.
419 2005 462 2084 6.)
476 2008 583 2066 Noster
596 2019 715 2084 usurpat

151 2085 301 2160 ἐπιβάλλει
309 2086 357 2165 ἐμέ
369 2098 458 2146 ποιεῖν
467 2095 554 2147 τοῦτο.
580 2089 638 2160 Sic,
650 2087 715 2154 τούς

770 809 900 858 mentum
914 821 971 876 quo
983 803 1047 877 quis
1066 802 1196 860 Nititur:
1218 821 1274 879 qua
1285 824 1333 860 no·

769 883 844 938 tione
853 881 940 958 paulo
948 879 1072 958 post(vi.
1084 885 1132 940 65.
1138 881 1184 958 s.)
1199 885 1293 941 eadem
1305 888 1333 942 iu

771 979 803 1018 re
817 961 898 1018 serlo
914 959 1094 1036 ἐπιβατεύειν
1109 966 1199 1020 utitur
1217 963 1333 1035 Noster,

770 1039 866 1099 τούτου
874 1039 1046 1115 ἐπιβατεύων
1055 1045 1103 1100 τοῦ
1113 1040 1245 1120 ῥήματος,
1256 1043 1335 1102 Huic

771 1123 852 1180 uerbo
877 1123 1024 1191 Insisteus,
1045 1124 1109 1180 Hoc
1133 1125 1220 1181 verbo
1244 1122 1333 1200 (tam-

770 1221 855 1278 quam
883 1204 1069 1261 iuudamcnto
1095 1213 1125 1261 et
1149 1204 1333 1281 argumento)

769 1285 864 1340 nixus.
888 1283 1078 1360 Similiterque
1093 1283 1252 1360 Appianas,
1266 1289 1333 1360 sre-

770 1383 855 1440 qaeus
876 1363 1031 1422 Herodotei
1052 1368 1183 1422 sermonis
1203 1367 1333 1435 imitator,

769 1447 829 1520 ipsa
842 1445 973 1502 uocabulo
986 1441 1136 1517 Ἐπύβασις
1149 1465 1215 1502 usus
1229 1455 1269 1502 est
1282 1446 1330 1504 lib.

768 1525 789 1581 i.
805 1525 839 1581 de
850 1525 925 1582 Bell.
945 1525 1006 1582 Cio.
1021 1546 1045 1582 c.
1063 1527 1111 1589 37.
1123 1526 1170 1583 ubi
1183 1529 1231 1596 ait,
1247 1525 1272 1583 oi
1287 1525 1332 1582 ir·

769 1611 832 1670 πεῖς
840 1603 974 1678 ἐπίβασιν
985 1608 1011 1670 ἐς
1023 1611 1209 1685 συκοφαντίαν
1219 1610 1275 1664 τῶν
1283 1605 1333 1684 ἐχ-

770 1687 844 1761 θρῶν
860 1685 890 1745 τό
912 1690 1067 1764 πολίτευμα
1086 1686 1170 1745 αὐτοῦ
1189 1685 1333 1764 τιθέμενοι,

770 1766 892 1842 Equites
922 1769 1047 1824 Romani
1081 1769 1212 1826 instituto
1244 1769 1333 1826 Drusi

770 1849 879 1904 tribuni
905 1850 946 1924 pl.
976 1857 1121 1924 tamquam
1150 1849 1333 1924 Argumenta

768 1936 798 1984 et
817 1929 1015 1986 Fundamenta
1037 1930 1082 1986 usi
1103 1930 1138 1985 ad
1157 1929 1333 1985 calumnian-

769 2008 820 2064 dos
844 2027 910 2066 suos
930 2009 1067 2066 inimicos.
1105 2009 1152 2066 De
1173 2012 1252 2065 vario
1280 2027 1332 2066 usu

770 2089 852 2164 bajus
873 2089 1007 2158 vocabuli,
1022 2099 1135 2165 praeter
1158 2108 1192 2146 ea
1211 2107 1277 2166 quse
1297 2089 1332 2146 ab

154 2165 278 2245 Δελφούς
291 2166 434 2242 ἐπέβαλλε
445 2168 653 2247 τεταρτημόριον
666 2175 716 2227 τοῦ
769 2167 811 2225 Η.
839 2168 938 2246 Steplt.
966 2170 1099 2226 adnotata
1126 2179 1198 2240 suut,
1227 2170 1333 2227 conmli

151 2247 328 2326 μισθώματος
349 2257 519 2327 παρασχεῖν,
540 2252 570 2308 ii.
595 2257 663 2308 180.
678 2271 713 2308 m.
764 2259 857 2324 potest
871 2249 996 2308 Leaicuu
1011 2259 1134 2307 nostrum
1148 2249 1334 2328 Polybionum

153 2330 199 2386 uli
217 2330 329 2387 uerbum
349 2328 492 2401 ἐπέβαλλε
512 2351 565 2388 aon
579 2340 715 2408 tamquam
769 2339 796 2387 et
813 2331 1027 2389 concordantiae
1044 2330 1162 2389 Grcecoe
1180 2329 1238 2388 Vct.
1256 2330 1332 2388 Test.

152 2429 250 2488 repens
259 2410 457 2468 Accusationis
471 2431 571 2479 casum,
582 2413 632 2468 sed
645 2421 714 2469 tam·
769 2429 785 2466 e
803 2411 902 2487 quibus
916 2410 1002 2488 (quod
1020 2411 1107 2469 obiter
1124 2408 1230 2487 moneo)
1249 2414 1333 2469 disci·

152 2511 232 2567 qaam
251 2491 373 2549 absolute
388 2494 508 2568 positum
526 2493 644 2570 iutellipi
666 2494 715 2550 de·
769 2511 839 2560 mus,
867 2492 1077 2569 Hesycbiauam
1108 2493 1227 2570 plossom
1259 2491 1334 2570 Πρός

151 2572 242 2632 labit:
264 2574 320 2629 uisi
338 2575 443 2630 omniuo
461 2573 602 2649 suspicari
623 2574 714 2643 liceat,
767 2569 903 2644 initiarer
914 2583 1041 2648 spectare
1051 2574 1090 2630 ad
1098 2573 1196 2632 librum
1204 2573 1331 2651 Sapient.

152 2659 209 2717 τοῖς
240 2655 361 2730 Δελφοῖς
392 2656 538 2729 scripsisse
568 2662 714 2710 auctorem.
767 2671 815 2709 xv.
835 2657 881 2710 15.

152 2733 232 2790 Alibi
245 2743 320 2790 certe
333 2733 428 2790 eodem
438 2737 715 2809 uotioueusurpatum
747 2729 951 2804 Ἐπιβατεύειν,
973 2730 1003 2808 1)
1025 2735 1173 2792 Insistere.
1195 2731 1263 2792 Vide
1281 2735 1333 2792 sub

152 2815 202 2871 ltoc
224 2815 347 2883 verbam,
369 2815 445 2871 baud
468 2833 547 2872 seem
565 2824 647 2890 atque
665 2815 717 2871 alii
769 2812 864 2870 vocab.
878 2810 1040 2886 Ἐπὶβασις.
1054 2813 1087 2890 2)
1096 2813 1273 2888 ἐπιβατεύειν
1286 2818 1335 2872 τοῦ

151 2899 311 2971 scriptores,
323 2915 382 2951 cum
389 2893 494 2952 Datioa
506 2913 571 2952 casa
583 2897 716 2952 construit
768 2891 921 2970 οὐνόματος
929 2891 1012 2962 τινός,
1023 2895 1137 2952 Nomen
1148 2897 1266 2972 alicujus
1281 2896 1332 2951 In-

153 2973 282 3033 Noster:
316 2973 413 3053 μόριον
433 2973 502 3032 ὅσον
523 2972 630 3032 αὐτοῖσι
652 2973 715 3032 ἐπέ·
769 2975 882 3042 vadere,
897 2974 989 3042 idest,
1006 2975 1161 3050 Usurpsre,
1176 2976 1259 3031 Falso
1278 2975 1333 3030 sibi

151 3051 255 3128 βαλλε,
271 3056 320 3113 vii.
337 3061 386 3113 23.
403 3074 438 3112 m.
447 3059 477 3132 s.
771 3055 924 3112 vindicare.
958 3050 1135 3125 ἐπιβατεύειν
1165 3059 1212 3111 τοῦ
1245 3051 1333 3129 Σμέρ-

192 3136 273 3194 Hinc
295 3133 326 3194 τό
347 3133 516 3208 ἐπιβάλλον,
537 3135 599 3192 scil.
624 3131 715 3212 μέρος.
769 3133 826 3200 διας
844 3131 1006 3210 οὐνόματος,
1020 3135 1060 3190 iii.
1076 3137 1124 3192 63.
1144 3137 1216 3210 s.et
1237 3131 1331 3190 vocab.

154 3217 229 3275 Rata
247 3237 322 3293 pars,
338 3217 436 3274 Portio
449 3237 515 3292 quse
530 3216 616 3272 alicui
630 3217 716 3273 obve-
769 3213 923 3292 οὐνόματος
942 3214 1139 3282 subintellecto,
1159 3210 1334 3287 ἐπιβατεύων

151 3299 195 3355 nit
222 3298 268 3354 nel
291 3317 357 3374 quae
380 3299 419 3354 ad
441 3298 560 3374 aliquem
580 3297 715 3372 pertinet.

150 3373 717 3456 ἀπολαχόντεςτῶνιπημάτωνπόέπιβάλ·

152 3463 214 3528 λον,
226 3461 264 3517 iv.
283 3463 350 3516 115.
366 3478 393 3516 a.
414 3477 469 3534 pro
484 3477 536 3534 quo
551 3458 639 3533 paulo
653 3467 717 3514 ante

153 3540 246 3597 aiebat
259 3536 455 3615 ἀπολαχόντες
468 3541 524 3596 τῶν
533 3535 678 3614 κτημάτων
685 3535 716 3595 τό

152 3618 243 3694 μέρος,
258 3621 365 3677 scilicet
377 3617 408 3677 τό
421 3616 582 3692 ἐπιβάλλον
594 3615 687 3696 μέρος.

132 3698 291 3774 Ἐπίβασις,
304 3724 354 3769 ιος,
368 3698 395 3770 ι),
410 3701 575 3776 Adgressio,
592 3700 716 3768 invasio,

152 3784 238 3839 Actio
251 3801 318 3858 quse
340 3780 425 3839 alicui
446 3799 550 3838 coram
553 3781 653 3856 judice
671 3781 716 3836 in-

153 3864 301 3932 tenditur3
339 3882 393 3939 qua
420 3865 528 3919 notione
552 3861 717 3937 Hyperides

769 3299 816 3354 τοῦ
837 3292 985 3372 ὁμωνύμου
1009 3293 1140 3372 Σμέρδιος
1162 3299 1209 3352 τοῦ
1233 3293 1332 3371 Κύρου,

768 3379 809 3434 iii.
826 3381 874 3438 67.
895 3396 923 3433 a.
946 3373 1067 3442 Rursus,
1090 3373 1263 3449 ἐπιβατεύων
1287 3378 1335 3434 τοῦ

770 3455 891 3526 Εὐηνίου
904 3454 1058 3535 οὐνόματος
1072 3458 1107 3514 de
1122 3477 1152 3514 eo
1167 3460 1215 3534 qui
1228 3459 1334 3515 Euenii

769 3557 873 3596 nomen
895 3539 936 3595 ite
957 3539 1114 3614 usurpavit,
1133 3547 1167 3596 ut
1188 3559 1218 3597 se
1241 3539 1333 3596 filium
1371 3535 1373 3538 ’

770 3619 875 3676 Euenii
897 3619 967 3676 falso
988 3620 1194 3696 praedicaverit,
1216 3620 1257 3676 ix.
1282 3623 1331 3676 95.

770 3697 803 3775 3)
814 3702 834 3758 i.
851 3720 876 3776 q.
896 3696 1036 3773 ἐπιβάτην
1054 3696 1135 3768 εἶναι,
1158 3700 1237 3756 Nave
1256 3699 1330 3754 vehi.

769 3777 937 3853 ἐπιβάτευον
960 3778 1006 3835 ἐπὶ
1032 3776 1150 3836 τουτέων
1174 3781 1231 3834 τῶν
1254 3781 1334 3847 νεῶν,

768 3863 817 3918 vii.
834 3865 882 3919 96.
898 3881 924 3917 a.
943 3863 1010 3916 184.
1024 3879 1050 3915 a.

153 3953 248 4000 orator
271 3941 322 4013 την
348 3940 434 4010 δίκην,
455 3951 523 4000 teste
547 3940 663 3999 Polluce
687 3942 716 3998 ii.
748 3937 912 4014 Ἐπιβάτης,
927 3963 967 4008 ου,
990 3936 1014 4009 ό,
1034 3939 1150 4007 vector,
1171 3939 1334 4014 praesertim

152 4029 223 4081 200.
239 4021 394 4097 ἐπιβασίαν
403 4025 484 4080 dicit.
502 4021 550 4079 Sic
561 4023 641 4098 uulpo
652 4041 717 4078 ver·

125 4101 128 4106 ’
154 4104 189 4161 ba
202 4105 254 4161 illu
267 4104 407 4162 Herodoti
420 4105 457 4160 vi.
471 4107 519 4160 61.
532 4123 559 4160 ο.
571 4099 615 4160 διά
626 4107 717 4179 πρῆγ-

153 4207 194 4262 μα
207 4182 312 4243 τοιόνδε
330 4181 466 4257 ἐπίβασιν
479 4183 508 4250 ἐς
526 4181 612 4241 αὐτόν
625 4179 717 4240 ποιεύ-

153 4288 247 4341 μενος,
262 4275 412 4341 proeeunte
425 4264 514 4322 Laur.
535 4263 617 4321 Valla
631 4267 718 4320 iuter-

150 4356 311 4422 pretuutur,
328 4347 374 4403 Ob
390 4346 463 4404 hanc
484 4365 547 4402 rem
568 4345 719 4401 intendens

153 4427 185 4483 in
198 4446 264 4484 eum
281 4427 431 4483 actionem.
460 4424 598 4501 Equidem
616 4420 719 4496 ἐπίβα-

154 4530 203 4564 σιν
223 4508 274 4563 boc
293 4507 350 4563 loco
365 4507 495 4574 Aditum,
511 4509 595 4563 idest
612 4505 719 4562 Ansam

771 4023 830 4083 Qui
844 4023 909 4077 navi
924 4020 1044 4088 vehitur,
1060 4019 1146 4075 Miles
1163 4019 1333 4077 classiarius.

770 4102 795 4159 oi
809 4104 858 4171 τῆς
865 4099 984 4178 Ἀργοῦς
992 4095 1135 4172 ἐπιβάται,
1145 4101 1333 4175 Argonautas,

770 4184 809 4239 iv.
827 4185 893 4239 145.
910 4201 936 4238 a.
956 4179 1024 4245 ὅκως
1041 4177 1104 4244 τούς
1123 4177 1262 4253 ἐπιβάτας
1282 4177 1333 4237 όπ-

770 4267 867 4332 λύσειε,
884 4263 920 4319 vi.
938 4266 985 4318 12.
1000 4280 1028 4319 a.
1050 4259 1112 4336 (ubi
1131 4258 1268 4332 ἐπιβάται
1290 4253 1335 4316 ai'-

771 4352 844 4400 serte
866 4344 1109 4418 distiupuumura
1134 4337 1264 4414 ναύταις)
1284 4341 1333 4396 vii.

776 4429 841 4480 100.
850 4425 941 4499 sauir
950 4417 1106 4491 ἐπιβατέων
1115 4416 1334 4477 τόνκαλλιστεύ-

772 4527 852 4567 οντιι,
861 4505 910 4560 vii.
930 4508 996 4560 180.
1012 4502 1097 4577 χωρὶς
1110 4503 1166 4555 τῶν
1179 4499 1336 4574 ἐπιχωρίων
