3068 5028
461 235 544 292 Δ111

232 371 350 442 tequnnt
370 363 483 442 (exacte
507 363 650 442 efficiunt)
669 365 794 424 stadium

232 467 284 506 sex
292 447 397 523 jugeru
410 447 569 516 continens,
583 448 613 504 ii.
632 451 699 505 149.
715 467 751 504 οι.

273 529 306 602 3)
325 524 428 591 δίκαιός
441 529 496 604 είρι
509 535 599 584 ποιεῖν
614 528 658 584 vel
670 525 794 604 πάσχειν

232 612 319 675 τοῦτο,
332 611 380 684 19.
392 606 468 673 ἄξιός
482 611 546 685 εἰμι,
559 609 604 665 nel
617 606 722 665 δίκαιόν
735 610 794 665 ἐστι

229 685 279 764 ε’ρέ
288 693 365 744 τοῦτο
373 697 462 746 ποιεῖν
469 703 518 746 aut
527 687 657 766 πάσχειν,
664 689 794 763 AEquum

232 777 276 824 est
296 779 329 824 ut
347 769 401 825 hoc
420 771 521 826 taciem
541 771 585 826 oet
603 772 704 846 patiar,
719 770 793 845 Dig-

232 868 286 906 nus
300 869 363 906 sum
376 851 423 906 cui
443 850 495 906 hoc
515 851 632 906 accidat.
651 848 730 914 οὗτος
746 848 794 906 οὔ·

233 951 305 1006 νομα
318 933 395 986 τοῦτο
406 927 509 995 δίκαιός
518 928 723 1007 ἐπιφέρεσθαι,
738 931 793 988 Hic

232 1011 335 1086 dignus
349 1021 403 1079 est,
418 1011 473 1068 Hic
482 1021 608 1068 meretur
618 1021 669 1068 etc.
679 1014 699 1068 i.
711 1017 759 1068 82.
763 1014 792 1086 s.

232 1087 795 1169 δίκαιοίέστειίμεῖςπράςτήνπιιζομένην

229 1168 793 1249 μάλιστατῶνμοιρέωνάμυνέοντεςίέναι,

231 1251 361 1326 AEquum
375 1262 418 1310 est
432 1263 465 1309 ut
478 1272 528 1309 vos
543 1262 593 1309 etc.
610 1253 649 1310 ix.
666 1257 715 1310 60.
724 1257 754 1328 s.
769 1251 794 1310 οί

231 1329 260 1388 δέ
277 1329 327 1388 τάν
345 1330 456 1409 μισθὸν,
469 1329 589 1410 ἐφαοαν,
604 1330 703 1390 δίκαιοί
720 1329 794 1390 εἶναι

229 1409 433 1484 ἀπολαβόντες,
454 1413 524 1470 οὕτω
546 1411 656 1482 ἐξιέναι,
679 1415 720 1470 Η1
734 1416 792 1471 aie·

229 1494 308 1562 bant,
323 1494 454 1568 AEquum
464 1513 525 1550 esse
537 1502 570 1549 ut
580 1495 621 1550 ita
631 1503 736 1552 exeant
746 1491 794 1570 (ut

229 1581 293 1628 tum
313 1573 430 1630 demum
449 1573 566 1647 exeant)
587 1575 611 1630 si
629 1576 792 1632 mercedem

229 1654 415 1728 accepissent,
434 1654 494 1710 viii.
514 1656 580 1716 137.
595 1674 629 1709 ru.
663 1654 792 1712 Alternus

230 1734 356 1790 vocabuli
369 1737 594 1790 constructionem
608 1735 692 1792 dobes
705 1737 725 1792 i.
742 1741 790 1794 39.

1078 231 1161 290 ΔΙΚ

847 358 1028 436 ἐσαγγεῖλαι,
1057 361 1159 420 Noluit
1191 368 1225 418 ut
1258 362 1414 438 quisquam

847 441 1021 519 (Postulavit
1040 452 1074 500 ut
1094 440 1194 516 nemo)
1213 443 1309 518 ipsum
1333 446 1414 502 intus

847 525 1006 594 nunciaret,
1023 525 1064 582 iii.
1084 528 1148 580 118.
1163 543 1198 580 m.
1213 519 1319 594 λαβεῖν
1338 521 1414 581 διδά-

846 627 919 682 ρενα
950 603 999 661 ουἰ·
1027 603 1154 674 ἐδικαίευ,
1183 604 1293 669 Noluit,
1323 605 1414 664 Nefas

847 689 939 754 duxit,
953 687 994 743 iii.
1009 690 1075 742 148.
1089 706 1121 740 ιιι.
1130 690 1159 759 J.
1169 681 1247 756 βοῶν
1262 683 1415 754 θυλέωνοιί

847 763 980 823 δικαιεῦσι
999 764 1160 834 πατέεσθαι,
1180 767 1218 821 ir.
1239 770 1304 822 186.
1317 769 1347 842 s.
1362 769 1415 824 οιίκ

845 844 1415 924 ἐδικαίευνγενέσθαιτοῖσικοκοῖαιομοῖοι,

847 928 884 984 vi.
902 934 946 985 15.
956 931 984 1002 f.
998 927 1046 984 οῦκ
1058 926 1179 985 ἐδικαίου
1192 925 1264 1001 (sine
1277 923 1414 1004 ἐδικαίευ)

846 1006 925 1082 —pri
945 1008 993 1064 οιίκ
1007 1006 1295 1083 ἑξανίρατοδίοασθαί
1314 1019 1414 1084 σφεας,

848 1088 923 1146 Rem
938 1109 999 1146 sese
1012 1090 1160 1164 indignam
1169 1089 1319 1164 judicavit,
1332 1090 1414 1148 Male

848 1188 878 1225 se
906 1171 1048 1226 facturum
1069 1169 1219 1246 judicavit,
1246 1169 1270 1224 si
1300 1169 1352 1226 hos
1381 1171 1415 1230 iu

847 1251 1014 1312 servitutem
1029 1269 1087 1306 non
1100 1250 1253 1324 redigeret,
1264 1249 1324 1306 viii.
1343 1255 1414 1309 126.

847 1350 882 1386 m.
894 1330 943 1388 οῦκ
951 1328 1088 1388 ἐδικαίευν
1096 1327 1137 1386 ἐτι
1147 1325 1332 1402 ἐπιβαίνειν,
1343 1330 1415 1390 Non

847 1411 969 1486 amplius
989 1411 1180 1468 resistendum
1197 1411 1413 1483 existimarunt,

848 1492 884 1549 vi.
892 1494 971 1554 78.α.
981 1491 1012 1548 ozi
1022 1489 1293 1566 δικαιεῦνίρτεεεοιιε
1302 1494 1415 1550 notione

843 1569 949 1647 praet.)
956 1575 1053 1647 πειρᾷν
1061 1575 1110 1641 τῆς
1118 1570 1225 1639 πόλιος,
1232 1572 1269 1627 Se
1278 1590 1335 1628 non
1345 1581 1414 1632 ten-

847 1655 964 1710 tandam
982 1655 1036 1709 sibi
1055 1653 1231 1709 existimasse
1245 1653 1355 1722 urbem,
1370 1656 1414 1712 vi.

847 1737 894 1790 82.
909 1753 943 1789 rn.
959 1732 991 1789 οιί
1005 1729 1340 1802 δικαιοῦν-ἀποδιδόναι,
1355 1735 1413 1792 AE·

845 1833 935 1888 quum
949 1815 1003 1870 sibi
1017 1834 1075 1870 non
1088 1814 1179 1870 videri
1193 1823 1244 1869 etc.
1259 1813 1297 1869 vi.
1313 1817 1361 1872 86.
1380 1836 1412 1872 o.

886 1891 919 1969 2)
944 1893 1031 1952 Verbo
1055 1897 1188 1951 Δικαιοῦν
1212 1893 1257 1950 ned
1277 1896 1413 1953 Δικαιεῦν

845 1978 925 2032 etiarn
943 1995 998 2050 pro
1018 1972 1157 2043 κολάζειν,
1179 1975 1295 2044 Punite,
1312 1977 1412 2034 Mulc-

844 2063 914 2124 tare,
950 2059 1037 2112 utitur
1070 2055 1239 2125 Herodotus,
1276 2059 1412 2132 quemod-

844 2138 950 2192 modum
959 2136 1412 2196 Gallicosermonedicimusi’aire

229 1833 265 1870 m.
279 1811 328 1890 ἐμέ
342 1837 382 1870 τοι
397 1811 503 1871 δίκαιόν
513 1813 572 1872 ἐστι
584 1812 709 1890 φράζειν.

270 1894 304 1968 4)
317 1893 466 1961 Neutrum,
479 1895 509 1952 τά
523 1899 648 1965 Δίκαιον,
663 1897 790 1953 substan-

229 1978 284 2032 tioe
300 1979 429 2051 positum,
451 1977 595 2052 AEquitus.
630 1974 660 2034 τά
685 1975 791 2034 δίκαιον

228 2053 298 2112 οὕτω
310 2054 397 2134 ἔφερε,
413 2057 461 2114 vii.
478 2059 545 2119 137.
561 2078 588 2116 a.

209 2138 342 2192 Δικαιοῦν
352 2135 396 2211 (11.
411 2142 478 2198 172.
487 2141 516 2213 s.
529 2139 565 2194 vi.
582 2141 629 2196 86.
639 2135 683 2213 a.)
698 2147 725 2195 et
739 2142 790 2195 Δι-

228 2220 322 2272 καιειῖν
331 2214 372 2290 (v.
384 2221 433 2274 82.
443 2237 476 2272 ιιι.
487 2218 535 2274 ubi
545 2219 653 2292 quidem
659 2237 790 2293 praesens
840 2217 945 2292 justice
971 2218 1007 2274 de
1034 2216 1202 2291 quelqu’nn.
1230 2221 1327 2275 τοῦτον
1349 2218 1413 2276 κατ’

228 2299 336 2351 notione
346 2296 506 2370 praeteritr')
529 2295 559 2368 1)
578 2298 709 2374 AEquum
722 2318 789 2354 cen·
843 2296 925 2366 άξίην
938 2293 1052 2354 ἑκάστου
1065 2295 1233 2374 dissipares
1242 2297 1368 2366 ἐδικαίευ,
1386 2301 1409 2357 1.

227 2394 302 2443 sere,
318 2385 345 2431 et
358 2378 491 2433 commode
504 2378 619 2434 subinde
632 2379 716 2436 reddi
724 2389 808 2453 pot-.
847 2382 913 2434 100.
920 2381 949 2454 f.
962 2376 988 2454 οξ
998 2375 1027 2434 δὲ
1041 2376 1111 2454 ἱρέες
1124 2375 1297 2448 ἐδικαιεῦντο,
1307 2381 1347 2436 111.
1358 2383 1412 2437 29.

225 2463 270 2512 ,est
289 2456 464 2513 Faciendum
482 2477 608 2526 censere,
623 2459 715 2524 Velle,
737 2463 789 2516 Se·
836 2457 925 2533 s.Sic
935 2467 961 2515 et
969 2462 998 2515 in
1010 2457 1095 2516 Orac.
1108 2456 1246 2516 δικαιώσει
1260 2458 1411 2537 Κόρινθον,

228 2555 295 2592 cum
326 2537 512 2607 constituere,
541 2547 591 2596 out
617 2540 702 2596 simili
732 2540 790 2598 αίίο
842 2557 871 2596 v.
887 2542 936 2607 92,
952 2544 980 2595 2.
996 2559 1031 2596 m.
1046 2537 1089 2596 N.

220 2616 357 2691 formato.
373 2615 476 2681 δικαιῶ,
497 2619 522 2674 εί
542 2641 568 2675 τι
587 2616 676 2675 πλέον
694 2617 789 2696 ἐνορῶ,
883 2618 930 2676 De
941 2619 1048 2694 duplici
1061 2621 1115 2676 ιἐία
1128 2622 1246 2690 notione,
1257 2639 1313 2698 quo
1323 2621 1412 2678 υετίιο

227 2699 375 2773 σημαίνειν
385 2699 521 2766 σοι,1.89.
531 2719 559 2755 α.
569 2696 601 2754 ἐν
610 2696 696 2778 ταύτῃ
704 2698 790 2780 ἡμέρῃ
844 2702 978 2756 Δικαιοῦν
998 2703 1086 2758 utitur
1106 2699 1278 2764 Herodotus.
1303 2705 1413 2759 monuit

226 2774 303 2832 πλέω
317 2775 399 2834 δαῖτα
409 2781 464 2834 τιῦν
471 2775 570 2836 ἄλλων
582 2777 713 2837 δικαιεῦσι
722 2804 790 2858 προ·
844 2777 957 2849 Susidas,
973 2781 1085 2838 dicens:
1109 2784 1242 2838 Δικαιοῦν
1256 2780 1303 2839 διίο
1316 2780 1411 2853 δηλοῖ,

226 2858 360 2926 τίθεσθαι,
368 2859 388 2915 1.
403 2863 469 2916 133.
481 2879 509 2916 u.
521 2857 718 2934 προσηγάγετο
727 2859 790 2925 τοῦς
842 2856 873 2916 τό
882 2883 911 2916 τε
920 2858 1060 2930 κολάζειν,
1067 2863 1112 2916 καί
1119 2859 1150 2918 τά
1157 2859 1263 2919 δίκαιον
1272 2864 1412 2938 νομίζειν·

225 2939 398 3011 Αἰγυπτίους
421 2937 490 2996 dore
514 2938 637 2998 δικαιοῦν
658 2937 789 3014 (adroic)
842 2939 928 3005 οὕτως
937 2937 1092 3017 Ἡρόδοτος.
1105 2941 1152 2998 Ibi
1155 2962 1307 3019 perperam
1315 2943 1411 3018 oulyo,

225 3015 366 3075 δουλειίειν
374 3017 484 3118 (stirp),
494 3021 525 3078 ii.
539 3023 575 3084 17
577 3027 605 3078 2.
609 3024 638 3096 s
650 3019 791 3082 ἐδικαίωσε
842 3021 946 3096 majore
966 3024 1186 3097 interpunctione
1199 3033 1266 3098 post
1284 3020 1411 3100 νομίζειν

224 3095 254 3156 δέ
263 3101 307 3154 καί
316 3104 407 3177 γῆμαι
415 3098 541 3171 αυτάθεν,
547 3103 578 3160 11.
589 3107 681 3159 181.α.
688 3099 789 3159 ἐδικαί-
838 3105 942 3177 positu,
955 3103 1039 3158 verbu
1051 3106 1105 3159 ista
1118 3100 1203 3167 οὕτως
1212 3096 1357 3180 Ἡρόδοτος
1367 3106 1411 3162 ad

224 3201 278 3235 ωσι
290 3184 406 3254 Κροῖσος
417 3183 578 3250 νουθετῆσαι
589 3179 730 3252 οιίτάν,111.
739 3187 787 3240 36.
841 3186 984 3258 sequentia
1004 3185 1132 3257 referunt
1143 3205 1153 3252 ;
1182 3187 1264 3260 quusi
1284 3203 1318 3241 εα
1339 3203 1408 3260 quoe

225 3279 252 3314 α.
268 3257 404 3316 ἐδικαίευν
418 3263 463 3317 καί
480 3260 558 3318 edroi
576 3259 655 3338 ἐτερα
675 3265 788 3320 τοιαῦτα
842 3261 880 3318 ibi
892 3262 1088 3338 subjiciuntur,
1103 3266 1226 3322 Δικαιῦν
1238 3271 1296 3330 τοῖς
1309 3261 1409 3331 adroic

224 3335 339 3406 ποιέειν,
354 3341 437 3396 Idem
446 3342 501 3398 sibi
510 3343 672 3414 iaciendum
685 3363 787 3400 censu·
841 3352 1001 3412 etc.,essent
1007 3342 1146 3401 Herodoti
1154 3345 1249 3415 uerbo,
1259 3365 1324 3421 quae
1333 3346 1409 3403 uiuit

224 3425 317 3484 erunt,
329 3419 370 3475 iii.
384 3421 431 3480 79.
442 3440 475 3475 ιιι.
487 3419 585 3478 τοσάδε
596 3421 689 3480 δικαιῶ
703 3421 787 3499 γέρεα
835 3426 963 3498 profecto
990 3425 1029 3480 od
1051 3421 1223 3481 Herodotum
1247 3427 1403 3500 pertinent.

223 3497 349 3573 ἐμεωυτῷ
359 3496 502 3570 γενέσθαι,
511 3501 553 3558 iii.
566 3507 632 3558 142.
642 3523 677 3560 ιιι.
688 3500 787 3580 ἄρχειν
838 3503 915 3562 Idem
929 3522 1011 3561 error
1023 3504 1186 3562 inZonorae
1199 3505 1323 3562 Leaeicon
1332 3525 1407 3581 pro-

224 3579 280 3633 τῶν
294 3575 400 3635 παίδων
416 3577 559 3648 ἐδικαίευν,
574 3582 704 3657 AEquum
717 3603 784 3640 cen·
833 3593 955 3660 papatus
970 3594 1019 3641 est.

168 3685 174 3697 ·
223 3659 785 3735 sebant,Adsepertinereexistimabsnt,
819 3661 1011 3740 Δικαστήριον,
1026 3661 1067 3732 τά,
1083 3665 1230 3734 Tribunal,
1245 3666 1405 3734 iudicium,

223 3739 365 3815 imperare
383 3741 490 3816 pueris,
505 3742 542 3800 vi.
562 3746 627 3800 138.
641 3763 676 3799 m.
691 3741 786 3802 τοῦτου
840 3745 996 3802 Consessns
1006 3745 1147 3821 judicum.
1162 3743 1217 3802 iord
1231 3743 1409 3822 δικαστήριον

223 3817 292 3876 οὕτω
312 3817 488 3891 δικαιεῦντος,
507 3823 554 3880 Ita
566 3823 615 3880 illo
628 3833 762 3882 censente
775 3847 783 3894 3
838 3822 925 3882 ου’τιίν
938 3822 1108 3898 α’γαγάντεα,
1116 3827 1155 3884 vi.
1169 3831 1236 3884 104.
1241 3827 1327 3902 fudi
1335 3827 1405 3884 ἐσα-

225 3901 323 3958 Quum
336 3902 384 3958 iile
397 3903 439 3958 ita
451 3903 614 3960 faciendum
629 3906 786 3963 censuisset
838 3902 978 3977 γογάντες
992 3906 1055 3962 edd.
1071 3915 1135 3962 vett.
1152 3903 1206 3963 ιίπά
1226 3904 1406 3983 δικαστήριον

223 3986 253 4034 et
266 3998 318 4052 pm
331 4000 385 4038 sua
397 3985 538 4040 sententia
547 3984 675 4054 dixisset,
684 3985 723 4042 ix.
733 3991 782 4044 42.
836 3981 982 4062 ὑπαχθείς,
997 3986 1035 4042 vi.
1053 3987 1099 4048 72.
1107 3988 1138 4060 s.
1157 3987 1239 4062 Cons.
1254 3985 1402 4061 Ὑπάγειν.

223 4077 251 4114 ο.
268 4056 413 4129 Similiter,
433 4062 543 4138 arijeoto
556 4062 721 4140 Nepotione,
736 4065 785 4122 οῦκ
816 4064 965 4134 Δικαστήκ,
987 4068 1028 4134 οῦ,
1048 4063 1073 4134 ὁ,
1092 4067 1197 4124 Judex.
1212 4064 1238 4124 oi
1256 4064 1405 4140 βασιλήιοι

222 4134 369 4194 ἐδικαίωσα
379 4137 471 4216 φέρειν
482 4140 545 4217 (τάν
559 4140 657 4220 ἰχθῦν)
670 4145 699 4210 ἐς
713 4143 783 4218 α’γο·
836 4141 970 4215 δικασταί,
982 4145 1023 4202 111.
1040 4151 1088 4203 31.
1104 4166 1138 4204 m.
1154 4148 1203 4204 vii.
1221 4152 1288 4206 194.
1302 4169 1337 4206 m.

221 4215 283 4292 ρὴν,
297 4218 428 4294 AEquum
441 4223 539 4278 censui
552 4232 586 4278 ut
597 4225 705 4298 piscem
724 4245 782 4284 non
817 4227 896 4294 Δίκη,
920 4250 962 4296 ης,
984 4223 1012 4296 ἡ,
1037 4227 1066 4296 1)
1088 4227 1148 4294 Lis,
1164 4229 1271 4285 Caussa
1288 4229 1324 4286 de
1343 4248 1404 4304 que

218 4298 326 4354 ¹ferrem
345 4300 376 4356 in
396 4301 491 4358 fomm
511 4320 608 4358 rerum
627 4305 780 4375 renalium,
835 4306 1018 4382 disceptatur.
1034 4313 1105 4363 τοῖσι
1120 4304 1243 4386 Πέρσῃσι
1257 4306 1308 4373 τάς
1322 4307 1403 4374 δίκας

219 4379 271 4435 sed
288 4379 338 4435 tibi
357 4380 503 4454 efferrem
529 4381 616 4438 Nolui
636 4384 666 4440 in
687 4385 781 4442 iorum
834 4383 988 4456 δικάζουσι,
1002 4387 1044 4444 111.
1060 4391 1109 4444 31.
1124 4407 1159 4445 ro.

220 4461 307 4528 serre,
326 4459 367 4516 iii.
383 4464 432 4516 42.
454 4480 481 4517 α.
497 4457 615 4520 ἐδικαίευ
633 4461 735 4520 ου’δένα
754 4463 780 4522 oi
875 4463 908 4542 2)
935 4468 996 4535 Jus,
1024 4468 1149 4526 Justitia.
1183 4470 1271 4526 ταῦτα
1303 4469 1403 4528 τοῦτον
