3158 5038
475 261 574 316 MET
1087 259 1183 312 MEX

233 387 376 466 Merpiur,
409 389 517 448 Metiri.
549 383 732 465 μεμετρήκασι
763 383 815 456 τήν
859 387 952 461 firmi
974 387 1118 447 sententio,
1142 384 1200 440 Nili
1222 401 1347 450 cursum,
1370 381 1427 456 pri-

252 467 494 550 χιίρηνόργοιῇσι,
506 465 636 525 σταδίοισι
648 477 698 524 ete.
707 468 736 523 ii.
744 471 813 524 um.
866 485 987 540 utquam
1013 484 1050 522 ex
1077 465 1171 539 Libya
1201 464 1231 520 in
1264 463 1428 537 AEgyptum

253 547 323 607 οὕτω
341 572 388 626 μοι
406 546 593 626 μεμετρέαται,
609 546 684 621 (Ion.
696 566 751 622 pro
765 568 814 624 με·
866 546 981 612 ineidat,
1017 544 1179 621 parallelum
1220 540 1313 618 (quom
1348 540 1429 616 ooiqo

253 627 415 706 μέτρηνται)
429 627 477 686 Ita
496 648 513 686 a
532 648 578 685 me
600 627 721 684 dimensi
739 633 814 695 sunt,
867 622 996 699 diabobo)
1034 625 1218 682 directionem
1255 641 1322 680 oum
1360 621 1430 678 lstri

254 710 293 766 iv.
308 713 357 766 86.
366 712 395 784 s.
415 708 496 782 Coos.
511 703 723 785 Καταμετρέειν.
867 724 953 762 curru
966 723 1087 762 servare.
1128 702 1201 772 Jom,
1212 704 1307 777 foisse
1320 701 1430 777 quidem

235 785 449 864 Μέτρον,οο,τό,
459 787 605 846 Mensura.
614 785 759 854 Φείδωνος,
768 787 817 842 τοῦ
867 786 939 842 bano
962 783 1105 842 Herodoto
1125 785 1294 846 tententiom
1315 801 1351 837 eae
1375 789 1431 837 toto

255 865 817 944 τᾶμέτραποιήσαντοςΠελοποννησίοισι,
868 865 926 940 ejus
950 866 1134 940 disputatione
1154 863 1223 920 tatio
1243 861 1429 937 inteliiqitur:

256 948 316 1010 Qui
340 948 553 1024 Peloponnesiis
579 965 725 1004 mensures
748 963 816 1002 oon·
868 946 918 1002 καί
931 945 1141 1020 disputationem
1159 945 1240 999 iotam
1259 944 1358 998 iterum
1379 942 1431 997 ite-

257 1027 358 1095 stituit,
372 1029 410 1086 vi.
430 1029 495 1089 127.
510 1048 545 1084 m.
561 1025 603 1084 N.
617 1030 672 1082 τῶν
688 1024 817 1102 ἐκφορίων
867 1043 982 1100 rumque
1012 1024 1170 1100 perleqene,
1201 1031 1228 1080 et
1257 1023 1433 1098 praeooripto

256 1101 817 1184 ταῦκαρτοῦταιίτάμέτρατῂΒαβυλωνίρ
869 1105 954 1161 verbe
974 1123 1033 1162 oum
1055 1122 1109 1178 per
1132 1121 1162 1159 oe
1187 1103 1355 1177 expendens,
1377 1110 1433 1157 tum

258 1189 296 1266 γῇ
317 1191 485 1256 κατίσταται,
509 1188 647 1262 Frugum,
671 1205 741 1261 quoe
763 1186 818 1242 fert
870 1187 1013 1259 conserent
1021 1203 1080 1241 oum
1091 1185 1219 1240 entremie
1230 1182 1320 1238 verbio
1331 1183 1433 1256 capitio

257 1266 309 1323 iiio
342 1276 429 1337 terro,
464 1268 564 1324 eadem
598 1285 732 1322 mensuro
764 1273 816 1333 est,
870 1268 918 1321 tt.
931 1264 1017 1339 plone
1031 1264 1166 1332 intellexi,
1178 1262 1268 1319 verbio
1282 1264 1343 1318 irtio
1354 1261 1435 1318 aliod

258 1343 373 1421 (eadem
398 1347 471 1404 ratio
497 1346 574 1421 quod
596 1346 633 1402 ed
655 1346 766 1420 copiam
789 1353 820 1400 et
871 1353 897 1400 et
915 1343 1033 1419 amplior
1051 1343 1192 1420 quidpiam
1210 1343 1375 1418 oiqnijicori‚
1391 1361 1434 1397 ee-

257 1434 421 1484 meneuram
448 1422 570 1501 spectat)
594 1445 660 1500 quae
686 1426 717 1480 in
744 1432 820 1481 terra
870 1443 952 1499 oeque
966 1424 1076 1480 iiiorom
1094 1425 1255 1480 sententiam
1269 1441 1337 1486 eam,
1353 1440 1435 1497 qoam

259 1506 432 1580 Babylonica
445 1506 564 1574 obtinet,
578 1506 616 1561 iv.
636 1508 703 1562 198.
719 1504 748 1560 b.
762 1501 803 1561 N.
868 1506 1017 1579 perspicue
1030 1501 1231 1560 Valckenarius
1239 1505 1269 1558 in
1280 1501 1387 1558 Adnot.
1398 1502 1438 1558 od

300 1584 492 1660 Diooeptatom
515 1593 556 1640 eet
580 1603 708 1660 quaenam
728 1585 822 1658 suerit
872 1603 935 1658 οαρ.
952 1588 1000 1641 34.
1013 1583 1196 1659 εαρίαααοὶίς
1223 1581 1337 1650 scilieet,
1358 1581 1436 1637 Con·

260 1663 398 1721 Herodoti
429 1666 573 1732 sententio,
607 1683 688 1739 qaum
722 1663 821 1721 Nilum
869 1664 990 1739 jectosee
1019 1663 1210 1731 Herodotum,
1242 1681 1341 1736 parem
1373 1680 1438 1718 esse

260 1763 326 1801 eum
346 1744 421 1802 Istro
434 1745 591 1812 conferens,
609 1745 640 1802 ii.
662 1748 710 1802 38.
730 1762 765 1800 m.
785 1745 821 1800 de
873 1762 1045 1810 mensurum,
1086 1761 1185 1818 parem
1224 1741 1438 1817 longitudinem
1555 1775 1556 1806 ,

144 1891 149 1898 ¹
261 1843 313 1881 oua
331 1821 378 1894 (ut
398 1827 458 1898 ipre
472 1821 636 1898 profitetur)
650 1824 821 1899 conjecture,
873 1842 972 1880 cursus
1000 1823 1059 1880 Nili
1086 1822 1166 1898 (iude
1190 1842 1208 1878 α
1230 1823 1289 1878 soie
1310 1821 1438 1878 fontibus
1471 1823 1480 1842 ⁸

260 1900 341 1972 amb
360 1907 460 1968 Νεῖλος
479 1906 516 1981 τῷ
529 1900 628 1980 Ἴστρῳ
641 1901 738 1960 ἐκτῶν
751 1903 822 1958 ’ίαων
874 1904 1016 1978 usquead
1035 1921 1102 1960 eum
1118 1903 1213 1959 locum
1231 1902 1281 1958 ubi
1298 1902 1329 1958 in
1343 1901 1438 1976 AEgy·

260 1981 366 2060 μέτρων
386 1981 512 2060 ὁρμᾶται.
553 1983 636 2041 Alios
658 1991 688 2040 ut
708 1993 822 2051 taoeom,
874 1991 956 2057 ptum
975 1979 1089 2057 incidit)
1110 1991 1196 2058 etque
1216 1999 1315 2038 oureus
1334 1981 1440 2038 Istrio
1556 2039 1557 2048 ,

264 2062 391 2120 Galbiana
401 2063 545 2140 Interpreo
556 2064 640 2120 verbo
654 2066 708 2120 ieto
721 2065 761 2119 ito
775 2082 822 2119 oe·
875 2082 927 2120 ouo
939 2063 1006 2120 inde
1020 2063 1098 2120 fonto
1117 2081 1207 2137 usque
1226 2061 1262 2118 ed
1279 2061 1353 2117 ostia
1371 2063 1439 2136 qui·

261 2145 343 2218 oepit,
359 2147 439 2219 quoni
454 2143 495 2200 nii
506 2144 585 2201 oiiod
599 2145 715 2200 dixisset
728 2141 823 2199 Hero·
874 2144 928 2200 bus
948 2144 979 2200 in
997 2143 1145 2199 Euxinum
1159 2143 1284 2198 Pontum
1305 2159 1367 2198 sese
1386 2161 1439 2197 ex·

262 2224 341 2279 dotus
355 2225 410 2280 nioi
422 2224 522 2281 Viden'
535 2224 598 2291 eibi,
611 2223 710 2280 Nilum
724 2242 761 2278 ex
775 2242 823 2279 ea·
875 2231 983 2280 onerat.
1020 2221 1155 2278 Eomdem
1168 2223 1338 2289 sententiam,
1349 2221 1440 2296 poulo
1557 2233 1558 2238 ’

261 2303 328 2360 dem
346 2304 447 2360 mundi
467 2303 560 2379 plaga,
580 2323 636 2378 qua
657 2303 740 2368 Ister,
759 2321 823 2359 our·
875 2304 983 2378 quidem
994 2302 1143 2370 obscurius,
1153 2303 1309 2376 exprimere
1319 2301 1441 2358 ooioieoe

262 2401 325 2439 eum
340 2402 423 2440 suum
437 2384 586 2458 auspicari.
615 2379 672 2456 (Le
686 2379 742 2438 Nii
755 2391 825 2456 port
881 2379 961 2439 Velio
988 2383 1032 2439 bio
1059 2381 1170 2440 Latinio
1196 2381 1287 2438 verbio
1318 2382 1441 2449 ridetur,

262 2462 311 2517 dee
337 2461 433 2519 mimos
458 2466 551 2536 pointo
578 2463 616 2518 da
647 2463 742 2518 monde
769 2481 821 2538 que
876 2462 960 2522 Nilus
972 2463 1034 2538 peri
1048 2469 1140 2520 tractu
1154 2469 1239 2536 atque
1253 2462 1328 2518 Ister
1340 2470 1430 2518 meat.

262 2539 378 2609 i'Ioter5
402 2541 427 2598 le
440 2540 496 2598 Nii
509 2543 578 2598 dano
598 2541 626 2597 lo
642 2545 736 2615 partie
749 2544 820 2598 ooci-
857 2539 1037 2611 Μετωπηδὸν,
1044 2542 1157 2599 adverb.
1165 2541 1317 2609 Continuo,
1326 2551 1443 2616 aequote

263 2621 372 2677 dentale
391 2622 426 2678 de
446 2622 475 2678 ia
494 2621 592 2698 Lybie,
613 2641 710 2678 comme
729 2619 822 2678 l’Ioter
876 2624 978 2680 fronte.
990 2619 1239 2698 rticrrpoipoc(ro'or
1250 2617 1333 2694 νεῶν)
1344 2619 1373 2685 ἐς
1385 2625 1443 2695 γῆν
1558 2639 1559 2654 ³

262 2699 375 2757 dantia
391 2705 486 2780 partie
500 2701 668 2758 occidentale
684 2702 719 2758 de
737 2698 820 2758 t'En-
876 2700 1029 2777 τρέψαντες
1055 2699 1160 2766 πάντες
1190 2698 1361 2778 permuniit,
1389 2721 1441 2759 vu.

264 2787 344 2854 rope·
384 2780 528 2838 Herodote
555 2781 589 2837 de
613 2780 660 2838 M.
683 2780 821 2849 torota,
879 2787 946 2840 100.
953 2785 982 2857 s.
998 2779 1040 2838 N.

268 2858 306 2917 T.
318 2861 347 2916 ii.
357 2869 390 2936 μ.
407 2865 455 2921 27.
469 2871 537 2936 etp.
554 2858 638 2936 230.)
678 2860 729 2930 At,
744 2871 774 2917 at
787 2861 821 2917 ab
858 2859 1004 2928 Μέτοικον,
1020 2858 1060 2926 ri,
1076 2861 1177 2930 Frons,
1190 2861 1369 2938 superficies,
1382 2863 1442 2919 La-

263 2941 315 2997 boo
325 2943 464 3017 incipiam,
478 2939 578 3018 μέτρον
591 2942 757 2998 Mensuram
770 2941 822 2998 ali-
877 2950 924 3000 tus
944 2941 1083 3018 quodlibet
1098 2943 1266 3017 pyramidis.
1283 2945 1333 3011 τῆς
1350 2965 1443 3016 πυρα-

263 3039 348 3096 quam
375 3021 523 3098 siqnifloat,
549 3023 584 3078 de
611 3022 701 3097 Plaga
722 3021 823 3078 mundi
877 3019 956 3099 μίδος
975 3019 1102 3098 μέτωπον
1121 3019 1247 3092 ἕκαστον,
1268 3021 1356 3098 (quod
1372 3023 1444 3080 olibi
1558 3069 1559 3104 q

263 3119 338 3170 oero,
365 3111 415 3158 aot
438 3103 472 3158 de
500 3103 611 3160 Puneto
635 3101 709 3169 coeli,
732 3103 825 3175 oooipi
879 3100 992 3178 tuition)
1005 3103 1034 3159 ii.
1052 3105 1120 3159 124.
1127 3105 1157 3178 s.

262 3180 337 3237 nulio
347 3190 431 3256 poeto
440 3190 541 3256 potest.
583 3180 741 3250 Deindeqoi
753 3181 826 3238 nibil
859 3180 962 3258 Μέχρι,
983 3179 1099 3258 (absque
1120 3204 1134 3244 ς
1155 3184 1185 3239 in
1197 3183 1269 3258 fine,
1291 3185 1372 3240 etiam
1394 3182 1445 3239 obi

263 3259 343 3316 aliud
374 3261 466 3318 dicere
499 3261 629 3318 voluisset
655 3259 823 3330 Herodotus,
879 3266 1004 3338 sequitur
1017 3281 1070 3319 oon
1084 3281 1102 3318 a
1115 3262 1206 3320 oooobi
1218 3265 1376 3338 incipiero‚·
1392 3282 1444 3319 ro·

263 3341 318 3394 m'oi
337 3341 411 3414 quod
431 3361 490 3396 eom
512 3342 644 3398 dicentem
664 3340 825 3398 Loreberuo
879 3345 939 3399 rino
953 3339 1072 3419 Μέχμις,
1083 3339 1131 3398 abi
1144 3343 1253 3418 odjeeto
1266 3345 1296 3399 in
1302 3344 1366 3418 fine
1377 3361 1444 3399 oon·

257 3420 342 3492 saeit,
358 3428 413 3475 toto
431 3420 540 3494 reliquo
562 3422 721 3495 disputatio,
745 3435 825 3496 quom
880 3441 947 3479 oona
960 3441 1014 3480 non
1033 3421 1087 3480 αἰεί
1106 3422 1283 3480 librariorum
1297 3432 1444 3480 moeretu-

191 3567 194 3576 y
264 3507 291 3553 et
312 3516 398 3573 usqne
416 3499 454 3554 ad
469 3501 557 3574 finem
579 3520 640 3574 οαρ.
660 3505 707 3557 34.
727 3519 825 3575 μετεκ-
880 3503 941 3559 dini
955 3512 1016 3560 aot
1042 3501 1158 3559 arbitrio
1185 3502 1280 3559 deberi
1306 3504 1442 3571 ridetur,-

263 3579 366 3654 qaitor‚
400 3579 472 3634 nihii
504 3580 542 3635 od
574 3598 631 3636 rem
659 3583 823 3654 pertineret.
880 3587 953 3658 oonf.
978 3581 1046 3640 Var.
1061 3580 1139 3638 Leot.
1155 3590 1182 3639 et
1194 3580 1265 3640 Not.
1280 3583 1319 3640 od
1335 3583 1355 3639 i.
1374 3587 1443 3648 181,

266 3657 367 3721 Quid?
398 3659 524 3734 quodid
547 3659 766 3734 mammutium
789 3662 825 3717 ab
882 3661 945 3736 11.)
987 3663 1086 3738 Usque
1116 3663 1163 3730 ad,
1190 3662 1302 3730 Donec,-
1328 3663 1444 3732 Quoad,

262 3739 408 3797 occidente
435 3759 532 3797 versus
560 3741 697 3796 orientem
724 3740 823 3810 fluere,
879 3743 1034 3802 Quamdiu.
1077 3741 1248 3818 Praepooitio
1267 3759 1364 3818 νεμεαν
1385 3742 1445 3800 Ge-

255 3819 318 3894 jom
332 3816 824 3895 insuperioribuo(oop.31.medio)
879 3825 1002 3891 nitioam,
1036 3823 1248 3898 oiqnifleonoqoe
1286 3821 1445 3880 Terminam

263 3901 333 3956 citro
358 3899 552 3957 dubitationem
578 3901 746 3976 adfirmavit,
772 3919 824 3956 non
879 3902 998 3978 aliquem
1011 3904 1069 3959 oioe
1080 3901 1157 3971 Loci,
1173 3905 1231 3960 oioe
1242 3900 1372 3971 Numeri,
1384 3905 1445 3960 sire

264 3987 399 4054 tamquam
419 3999 496 4037 ouem
507 3980 700 4055 momentorum
718 3999 824 4055 propo-
885 3981 1026 4057 Temporie
1041 3985 1212 4058 praeeram,
1227 3985 1267 4039 ito
1281 3984 1390 4059 quidem
1403 3993 1443 4052 ut,

263 4061 327 4113 ooit.
369 4057 516 4134 Equidem,
538 4079 619 4135 qaum
636 4059 742 4117 Graeoo
761 4059 823 4116 He·
875 4065 1042 4136 promiscue,
1062 4063 1138 4118 modo
1160 4063 1283 4120 ineiuooo
1302 4063 1443 4139 inteiiiqo-

263 4137 353 4193 rodoti
371 4137 471 4194 Latine
492 4141 610 4196 reddere
629 4159 755 4208 conarer,
773 4139 825 4196 ’ίσα
879 4151 925 4198 tor
951 4143 1000 4199 iiie
1029 4145 1169 4212 termimio,
1196 4143 1441 4200 modoeeeiooae.

263 4218 317 4272 iata
339 4215 425 4292 μέτρα
443 4221 483 4274 ita
504 4231 665 4294 acceperam
683 4223 763 4296 quati
781 4221 825 4276 bio
878 4219 961 4298 μέχρι
977 4225 1025 4279 τοῦ
1044 4220 1190 4295 γούνατος,
1206 4223 1237 4280 ii.
1254 4228 1303 4280 80¹.
1311 4226 1343 4298 s.-
1357 4220 1443 4299 μέχρι

263 4295 356 4352 verbis
370 4297 455 4354 Porio
467 4299 526 4354 iere
545 4317 598 4372 per
611 4307 704 4356 totum
718 4301 824 4356 utrius*
879 4300 973 4359 τούτου
984 4302 1029 4358 rei
1040 4299 1153 4372 τούτων,
1166 4303 1266 4378 Usque
1277 4303 1313 4360 ad
1326 4304 1356 4360 id
1370 4313 1445 4360 tem-

263 4396 318 4452 que
358 4377 483 4434 fluminis
506 4397 639 4435 ,eureum
679 4379 826 4437 intervallo
878 4401 941 4457 pus,
955 4384 976 4438 i.
990 4386 1019 4439 4.
1034 4403 1059 4440 a.
1080 4380 1163 4460 μέχρι
1183 4382 1257 4459 ἐμεῦ,
1279 4383 1327 4440 Ad
1346 4401 1442 4442 meam

263 4459 506 4536 siqnifioorentur;
540 4467 570 4514 ut
596 4456 736 4515 Herodoti
761 4460 824 4516 baee
879 4481 968 4538 usque
990 4470 1115 4531 oetatem,
1129 4483 1156 4521 v.
1178 4468 1245 4521 114.
1261 4466 1291 4538 s.
1314 4471 1339 4521 et
1360 4463 1439 4521 aiibi.
