3030 5026
769 271 799 334 iv

241 442 356 520 amicis,
380 443 416 518 si,
440 463 512 526 quae
532 464 551 504 a
572 441 675 504 mein
696 441 840 505 universa
860 441 918 505 hac
941 463 1035 526 opera
1058 441 1223 506 Herodoto
1244 466 1324 528 prae·

240 546 314 608 stita
335 544 439 608 minus
462 543 623 608 commode
648 544 797 630 expedita
820 544 1104 629 deprehendentur,
1134 568 1171 608 ea
1194 547 1233 609 ab
1257 548 1324 611 aliis

239 649 354 710 rectius
374 648 525 732 exposita,
542 648 646 710 autin
662 648 777 732 quibus
793 671 851 733 ego
866 649 1022 712 incertum
1044 671 1094 712 me
1117 648 1237 712 haerere
1252 672 1325 734 pro-

238 749 337 812 fessus
361 773 441 826 sum,
468 750 641 814 eadem-ab
664 751 844 814 hominibus
868 751 994 836 ingenio
1021 751 1224 836 doctrinaque
1245 777 1324 838 prae-

239 853 394 916 stantibus
409 853 449 916 ad
463 852 561 937 liquid
567 875 620 916 um
635 853 754 917 fuerint
768 855 929 938 perducta.

283 955 318 1017 Si
332 956 365 1018 in
380 955 505 1018 illorum
524 955 718 1020 solummodo
738 979 842 1033 usum,
859 957 914 1041 qui
935 968 1041 1020 nostra
1061 969 1198 1022 utuntur
1214 957 1324 1023 Histo-

238 1059 354 1121 riarum
370 1057 527 1121 Herodoti
542 1059 690 1136 editione,
706 1060 895 1124 iustructum
907 1059 966 1122 hoc
982 1058 1125 1124 Lexicon
1144 1061 1322 1138 voluissem,

238 1162 398 1224 commode
424 1159 545 1225 fueram
573 1162 723 1240 facturus
752 1164 778 1226 si
801 1164 923 1248 Cupitis
947 1162 997 1226 vel
1024 1164 1168 1228 flectionis
1192 1187 1323 1228 numero

237 1287 403 1327 numerum
419 1263 642 1342 etiamtiam,
661 1288 724 1350 qua
738 1265 853 1349 legitur
869 1287 1005 1348 quaeque
1025 1263 1208 1330 Herodotea
1228 1267 1323 1330 dictio

236 1391 254 1430 a
280 1367 383 1431 nobis*
399 1367 505 1444 citata,
531 1368 724 1450 adjecissem,
752 1391 815 1452 quo
845 1367 966 1431 facilius
991 1367 1147 1453 citiusque
1174 1369 1324 1454 quaelibet

236 1471 330 1534 dictio
345 1471 379 1533 iu
393 1471 461 1554 ipsa
476 1492 532 1532 sua
547 1469 619 1532 sede
641 1483 747 1554 posset
766 1471 906 1554 reperiri.
953 1469 1059 1548 Nunc,
1076 1493 1176 1556 quum
1190 1472 1322 1536 aliorum

236 1575 331 1636 etiam
367 1572 536 1636 commodis
571 1571 724 1636 voluerim
759 1574 918 1650 inservire,
949 1574 1004 1657 qui
1034 1597 1233 1659 quacumque
1262 1576 1323 1639 alia

237 1675 402 1738 Musarum
417 1675 554 1738 editione
572 1676 698 1760 (inqua
715 1677 843 1760 quidem
860 1675 1025 1760 Capitibus
1043 1688 1099 1740 aut
1122 1677 1321 1742 Sectionibus

235 1779 381 1842 distincta
404 1779 541 1841 narratio
566 1779 659 1861 esset)
675 1790 852 1855 uterentur,
869 1778 961 1841 aliam
985 1778 1064 1841 inire
1084 1781 1239 1844 rationem
1256 1782 1321 1866 pla·

234 1882 318 1958 cuit;
350 1881 467 1945 scilicet
492 1892 528 1944 ut
548 1883 696 1966 quodque
725 1883 825 1965 Oaput
847 1880 943 1965 paulo
966 1881 1090 1966 longius
1114 1883 1149 1944 in
1174 1895 1232 1948 tras
1256 1885 1319 1948 fere

228 1996 332 2070 partes
345 1987 472 2070 oequulcs
494 1985 697 2049 distributum
721 1984 901 2067 cogitarem,
919 2007 1053 2069 quarum
1076 1985 1209 2069 primam
1232 1985 1321 2050 litera

233 2112 264 2163 a,
281 2087 413 2150 mediam
429 2087 573 2164 literam,
589 2098 779 2171 postremam
793 2087 885 2150 litera
896 2090 929 2171 f.
945 2087 1110 2170 insignivi:
1135 2087 1183 2150 cui
1207 2089 1321 2150 rationi

234 2199 479 2252 consentaneum
504 2189 576 2266 fuit,
603 2201 650 2266 ut,
676 2190 702 2252 si
727 2211 790 2273 qua
813 2189 907 2252 dictio
934 2190 967 2251 in
993 2190 1126 2252 confinio
1151 2190 1261 2274 primae
1287 2201 1320 2253 et

235 2291 381 2354 secundae
396 2292 495 2374 partis
514 2301 569 2354 aut
589 2293 734 2354 secundae
755 2302 788 2354 et
808 2291 911 2354 tertiae
930 2291 1098 2376 legeretur,
1114 2304 1223 2356 notam
1237 2317 1267 2357 a.
1280 2317 1319 2358 m.

233 2405 289 2457 aut
302 2418 341 2458 m.
359 2397 392 2479 f.
414 2395 612 2478 adponerem.
660 2394 772 2478 Capita
797 2395 901 2457 minus
923 2395 1017 2478 longa
1038 2395 1163 2458 nonnisi
1187 2395 1264 2460 duas
1286 2398 1320 2459 in

231 2507 336 2580 partes
356 2496 503 2560 distincta
524 2497 633 2573 statui,
653 2519 787 2579 quarum
807 2497 941 2580 priorem
963 2496 1054 2560 litera
1068 2519 1099 2572 a,
1115 2497 1320 2580 posteriorem

230 2600 321 2662 litera
336 2602 362 2663 b.
378 2600 521 2663 indicavi.
556 2597 691 2686 Adjecta
705 2600 820 2682 passim
835 2599 982 2670 literaN.
995 2598 1160 2682 significat,
1177 2590 1319 2683 spectare

232 2702 272 2765 ad
285 2697 389 2765 locum
405 2726 488 2780 eum,
504 2703 555 2766 cui
569 2702 623 2766 illa
640 2703 731 2766 litera
752 2703 873 2785 adjecta
888 2713 947 2780 est,
963 2703 1194 2766 Adaototioaem
1209 2725 1319 2786 quam-

232 2803 314 2881 dam,
340 2805 402 2868 sive
425 2804 638 2889 Wesselingii,
661 2805 724 2868 sive
739 2803 951 2881 Valckenarii,
968 2805 1031 2866 sive
1053 2814 1203 2882 nostram,
1223 2827 1318 2890 quam

231 2907 281 2970 vel
302 2908 337 2971 in
359 2921 465 2972 nostra
492 2907 649 2971 Herodoti
675 2907 811 2970 editione
837 2907 885 2970 vel
911 2908 943 2971 in
969 2907 1220 2990 Wesselingiana
1246 2932 1330 2994 con-¹

232 3000 333 3075 sulere
349 3012 507 3076 studiosus
522 3011 620 3074 lector
635 3011 743 3094 possit.

275 3115 425 3180 Quamvis
440 3137 623 3199 persuasum
637 3113 780 3189 habeam,
802 3115 900 3178 Vitam
914 3115 1051 3190 Homeri,
1068 3135 1140 3197 quae
1159 3113 1317 3180 Herodoti

230 3240 344 3281 nomen
360 3217 497 3301 praefert,
511 3217 550 3280 ad
565 3217 731 3280 Musarum
743 3216 925 3300 scriptorem
936 3216 1015 3279 nihil
1029 3217 1197 3300 pertinere,
1210 3227 1318 3282 tamen

230 3343 319 3383 voces
349 3321 562 3404 dictionesque
591 3320 792 3383 notabiliores
820 3319 855 3381 in
886 3319 940 3381 illo
972 3318 1079 3381 libello
1115 3332 1315 3384 occurrentes

230 3422 350 3486 Lexico
374 3422 556 3486 Herodoteo
579 3421 708 3498 inserui,
731 3443 795 3506 quo
816 3421 1008 3486 luculentius
1033 3422 1129 3485 etiam
1152 3421 1316 3506 adpareret

230 3537 384 3609 quantum
399 3524 499 3609 stylus
516 3523 815 3588 Pseudo-Herodoti
830 3546 848 3588 a
863 3523 974 3587 Nostri
989 3524 1071 3608 stylo
1086 3517 1220 3588 differat.
1248 3524 1315 3587 De-

229 3629 326 3713 nique
351 3630 396 3692 eis
419 3629 514 3691 etiam
537 3627 664 3691 vocibus
691 3626 928 3704 dictionibusve‚
954 3649 1026 3711 quae
1049 3627 1083 3690 in
1104 3627 1247 3691 Oraculis
1273 3627 1313 3688 ab

231 3727 388 3797 Herodoti
402 3733 504 3795 citatis
525 3731 725 3795 notabiliores
746 3741 923 3807 occurrunt,
939 3730 1043 3793 locum
1065 3731 1099 3793 in
1119 3730 1178 3794 hoc
1194 3730 1314 3794 Lexico

230 3835 319 3911 dedi;
342 3835 386 3898 ita
402 3845 517 3911 tamen,
534 3844 572 3898 ut
586 3833 707 3918 adjecta
721 3845 795 3896 nota
811 3833 946 3916 quadam
966 3853 1088 3915 semper
1101 3831 1312 3909 indicaverim,

229 3959 291 3998 non
308 3959 364 3999 suo
380 3937 504 3999 nomine
519 3937 580 3999 illis
596 3958 688 3999 usum
703 3955 771 3998 esse
788 3933 980 4018 Scriptorem
995 3944 1147 3997 nostrum.

345 4107 462 4190 Scripsi
477 4105 732 4170 Ananunonurr
748 4128 854 4169 mense
870 4103 977 4182 Junio,
995 4125 1192 4170 uncccxxn.

1493 175 1497 328 l

1465 377 1497 574 ‚l

1495 1349 1497 1416 l
