<?xml version="1.0" encoding="UTF-8"?>
<!DOCTYPE html PUBLIC "-//W3C//DTD XHTML 1.0 Transitional//EN"
    "http://www.w3.org/TR/xhtml1/DTD/xhtml1-transitional.dtd">
<html xmlns="http://www.w3.org/1999/xhtml" xml:lang="en" lang="en">
 <head>
  <title>
</title>
<meta http-equiv="Content-Type" content="text/html;charset=utf-8" />
  <meta name='ocr-system' content='tesseract 3.04.00' />
  <meta name='ocr-capabilities' content='ocr_page ocr_carea ocr_par ocr_line ocrx_word'/>
</head>
<body>
  <div class='ocr_page' id='page_1' title='image "./lexiconherodote03schwgoog/lexiconherodote03schwgoog_0230.png"; bbox 0 0 3174 5040; ppageno 0'>
   <div class='ocr_carea' id='block_1_1' title="bbox 403 223 1093 303">
    <p class='ocr_par' dir='ltr' id='par_1_1' title="bbox 403 223 1093 303">
     <span class='ocr_line' id='line_1_1' title="bbox 403 223 1093 303; baseline 0.01 -7"><span class='ocrx_word' id='word_1_1' title='bbox 403 223 496 298; x_wconf 70' lang='lat' dir='ltr'><strong><em>&#39;ers</em></strong></span> <span class='ocrx_word' id='word_1_2' title='bbox 1040 227 1093 303; x_wconf 76' lang='lat' dir='ltr'><strong><em>ei</em></strong></span> 
     </span>
    </p>
   </div>
   <div class='ocr_carea' id='block_1_2' title="bbox 177 365 1362 1256">
    <p class='ocr_par' dir='ltr' id='par_1_2' title="bbox 177 365 1362 1256">
     <span class='ocr_line' id='line_1_2' title="bbox 181 365 1361 451; baseline 0.008 -25"><span class='ocrx_word' id='word_1_3' title='bbox 181 365 744 448; x_wconf 71' lang='lat' dir='ltr'><strong><em>dubpurucealabelc‚soliripurrouiube</em></strong></span> <span class='ocrx_word' id='word_1_4' title='bbox 775 365 901 448; x_wconf 81' lang='grc' dir='ltr'>Ἐτοῖμος</span> <span class='ocrx_word' id='word_1_5' title='bbox 910 370 974 451; x_wconf 85' lang='grc' dir='ltr'>(ίιοο</span> <span class='ocrx_word' id='word_1_6' title='bbox 982 385 1105 448; x_wconf 84' lang='lat' dir='ltr'><strong><em>accentu,</em></strong></span> <span class='ocrx_word' id='word_1_7' title='bbox 1115 395 1150 434; x_wconf 79' lang='lat' dir='ltr'><strong><em>ee</em></strong></span> <span class='ocrx_word' id='word_1_8' title='bbox 1164 385 1256 436; x_wconf 82' lang='lat' dir='ltr'><strong><em>uetere</em></strong></span> <span class='ocrx_word' id='word_1_9' title='bbox 1266 377 1361 438; x_wconf 75' lang='lat' dir='ltr'><strong><em>‘Attico</em></strong></span> 
     </span>
     <span class='ocr_line' id='line_1_3' title="bbox 180 447 1362 536; baseline 0.008 -30"><span class='ocrx_word' id='word_1_10' title='bbox 180 447 285 527; x_wconf 79' lang='grc' dir='ltr'>ἄρχεις,</span> <span class='ocrx_word' id='word_1_11' title='bbox 325 451 423 509; x_wconf 87' lang='lat' dir='ltr'>Homo</span> <span class='ocrx_word' id='word_1_12' title='bbox 454 471 494 520; x_wconf 83' lang='lat' dir='ltr'><strong><em>es,</em></strong></span> <span class='ocrx_word' id='word_1_13' title='bbox 521 460 552 510; x_wconf 87' lang='lat' dir='ltr'><strong><em>et</em></strong></span> <span class='ocrx_word' id='word_1_14' title='bbox 582 452 744 510; x_wconf 85' lang='lat' dir='ltr'><strong><em>hominibus</em></strong></span> <span class='ocrx_word' id='word_1_15' title='bbox 797 461 823 509; x_wconf 89' lang='lat' dir='ltr'><strong><em>et</em></strong></span> <span class='ocrx_word' id='word_1_16' title='bbox 831 452 924 511; x_wconf 88' lang='lat' dir='ltr'><strong><em>Ionica</em></strong></span> <span class='ocrx_word' id='word_1_17' title='bbox 934 475 1017 526; x_wconf 86' lang='lat' dir='ltr'><strong><em>more,</em></strong></span> <span class='ocrx_word' id='word_1_18' title='bbox 1026 477 1079 515; x_wconf 88' lang='lat' dir='ltr'><strong><em>non</em></strong></span> <span class='ocrx_word' id='word_1_19' title='bbox 1087 454 1226 536; x_wconf 83' lang='grc' dir='ltr'>Ἕταιρος,</span> <span class='ocrx_word' id='word_1_20' title='bbox 1237 457 1362 516; x_wconf 87' lang='lat' dir='ltr'><strong><em>scribunt</em></strong></span> 
     </span>
     <span class='ocr_line' id='line_1_4' title="bbox 180 529 1359 613; baseline 0.008 -26"><span class='ocrx_word' id='word_1_21' title='bbox 180 530 251 606; x_wconf 85' lang='lat' dir='ltr'><strong><em>(Tui</em></strong></span> <span class='ocrx_word' id='word_1_22' title='bbox 272 529 425 606; x_wconf 83' lang='lat' dir='ltr'>similibus)</span> <span class='ocrx_word' id='word_1_23' title='bbox 439 534 570 609; x_wconf 77' lang='lat' dir='ltr'><strong><em>imperes,</em></strong></span> <span class='ocrx_word' id='word_1_24' title='bbox 590 534 609 591; x_wconf 92' lang='lat' dir='ltr'><strong><em>i.</em></strong></span> <span class='ocrx_word' id='word_1_25' title='bbox 629 533 697 595; x_wconf 82' lang='grc'><strong>207.</strong></span> <span class='ocrx_word' id='word_1_26' title='bbox 714 553 742 592; x_wconf 87' lang='lat' dir='ltr'><strong><em>a.</em></strong></span> <span class='ocrx_word' id='word_1_27' title='bbox 796 531 874 610; x_wconf 85' lang='lat' dir='ltr'><strong><em>lonqe</em></strong></span> <span class='ocrx_word' id='word_1_28' title='bbox 883 535 1028 613; x_wconf 86' lang='lat' dir='ltr'><strong><em>plerisque</em></strong></span> <span class='ocrx_word' id='word_1_29' title='bbox 1042 541 1071 594; x_wconf 89' lang='lat' dir='ltr'><strong><em>in</em></strong></span> <span class='ocrx_word' id='word_1_30' title='bbox 1086 537 1152 596; x_wconf 89' lang='lat' dir='ltr'><strong><em>locis</em></strong></span> <span class='ocrx_word' id='word_1_31' title='bbox 1167 537 1244 595; x_wconf 82' lang='lat' dir='ltr'><strong><em>Edd.</em></strong></span> <span class='ocrx_word' id='word_1_32' title='bbox 1259 558 1359 608; x_wconf 86' lang='lat' dir='ltr'><strong><em>omnes,</em></strong></span> 
     </span>
     <span class='ocr_line' id='line_1_5' title="bbox 178 607 1360 696; baseline 0.007 -28"><span class='ocrx_word' id='word_1_33' title='bbox 178 607 236 668; x_wconf 78' lang='grc' dir='ltr'>ἔστι</span> <span class='ocrx_word' id='word_1_34' title='bbox 250 609 279 668; x_wconf 84' lang='grc' dir='ltr'><strong><em>δέ</em></strong></span> <span class='ocrx_word' id='word_1_35' title='bbox 293 611 385 689; x_wconf 78' lang='grc' dir='ltr'>ἕτερον</span> <span class='ocrx_word' id='word_1_36' title='bbox 397 617 529 683; x_wconf 77' lang='grc' dir='ltr'>τοιοῦτον,</span> <span class='ocrx_word' id='word_1_37' title='bbox 541 614 595 672; x_wconf 83' lang='lat' dir='ltr'><strong><em>Est</em></strong></span> <span class='ocrx_word' id='word_1_38' title='bbox 603 614 656 671; x_wconf 89' lang='lat' dir='ltr'><strong><em>hoc</em></strong></span> <span class='ocrx_word' id='word_1_39' title='bbox 670 615 743 691; x_wconf 87' lang='lat' dir='ltr'><strong><em>ejus·</em></strong></span> <span class='ocrx_word' id='word_1_40' title='bbox 795 617 1024 675; x_wconf 72' lang='lat' dir='ltr'><strong><em>consentientibus</em></strong></span> <span class='ocrx_word' id='word_1_41' title='bbox 1065 621 1173 694; x_wconf 86' lang='lat' dir='ltr'><strong><em>optimis</em></strong></span> <span class='ocrx_word' id='word_1_42' title='bbox 1209 619 1360 696; x_wconf 73' lang='lat' dir='ltr'><strong><em>quibusque</em></strong></span> 
     </span>
     <span class='ocr_line' id='line_1_6' title="bbox 180 691 1361 774; baseline 0.003 -21"><span class='ocrx_word' id='word_1_43' title='bbox 180 693 244 753; x_wconf 81' lang='lat' dir='ltr'><strong><em>dem</em></strong></span> <span class='ocrx_word' id='word_1_44' title='bbox 272 695 394 770; x_wconf 83' lang='lat' dir='ltr'><strong><em>generis,</em></strong></span> <span class='ocrx_word' id='word_1_45' title='bbox 423 694 534 752; x_wconf 82' lang='lat' dir='ltr'><strong><em>Eadem</em></strong></span> <span class='ocrx_word' id='word_1_46' title='bbox 560 695 644 771; x_wconf 85' lang='lat' dir='ltr'><strong><em>hujus</em></strong></span> <span class='ocrx_word' id='word_1_47' title='bbox 671 696 743 752; x_wconf 85' lang='lat' dir='ltr'><strong><em>ratio</em></strong></span> <span class='ocrx_word' id='word_1_48' title='bbox 795 691 938 764; x_wconf 83' lang='lat' dir='ltr'><strong><em>MSStis,·</em></strong></span> <span class='ocrx_word' id='word_1_49' title='bbox 961 717 1049 774; x_wconf 89' lang='lat' dir='ltr'><strong><em>quare</em></strong></span> <span class='ocrx_word' id='word_1_50' title='bbox 1059 702 1139 756; x_wconf 86' lang='lat' dir='ltr'><strong><em>etiam</em></strong></span> <span class='ocrx_word' id='word_1_51' title='bbox 1144 703 1246 774; x_wconf 87' lang='lat' dir='ltr'><strong><em>paucis</em></strong></span> <span class='ocrx_word' id='word_1_52' title='bbox 1254 701 1283 756; x_wconf 89' lang='lat' dir='ltr'><strong><em>in</em></strong></span> <span class='ocrx_word' id='word_1_53' title='bbox 1294 700 1361 756; x_wconf 90' lang='lat' dir='ltr'><strong><em>locis</em></strong></span> 
     </span>
     <span class='ocr_line' id='line_1_7' title="bbox 179 773 1361 856; baseline 0.003 -24"><span class='ocrx_word' id='word_1_54' title='bbox 179 782 228 838; x_wconf 81' lang='lat' dir='ltr'><strong><em>est,</em></strong></span> <span class='ocrx_word' id='word_1_55' title='bbox 243 773 275 830; x_wconf 88' lang='lat' dir='ltr'><strong><em>ii.</em></strong></span> <span class='ocrx_word' id='word_1_56' title='bbox 291 778 321 830; x_wconf 82' lang='lat'><strong><em>5.</em></strong></span> <span class='ocrx_word' id='word_1_57' title='bbox 337 794 373 832; x_wconf 86' lang='lat' dir='ltr'><strong><em>m.</em></strong></span> <span class='ocrx_word' id='word_1_58' title='bbox 389 773 532 832; x_wconf 85' lang='lat' dir='ltr'><strong><em>Interdum</em></strong></span> <span class='ocrx_word' id='word_1_59' title='bbox 546 774 648 832; x_wconf 78' lang='lat' dir='ltr'><strong><em>Latine</em></strong></span> <span class='ocrx_word' id='word_1_60' title='bbox 661 777 744 832; x_wconf 82' lang='lat' dir='ltr'><strong><em>reddi</em></strong></span> <span class='ocrx_word' id='word_1_61' title='bbox 790 778 896 850; x_wconf 82' lang='lat' dir='ltr'><strong><em>primoe</em></strong></span> <span class='ocrx_word' id='word_1_62' title='bbox 919 775 1027 847; x_wconf 71' lang='lat' dir='ltr'><strong><em>Muses,</em></strong></span> <span class='ocrx_word' id='word_1_63' title='bbox 1048 779 1095 836; x_wconf 90' lang='lat' dir='ltr'><strong><em>ubi</em></strong></span> <span class='ocrx_word' id='word_1_64' title='bbox 1114 782 1250 856; x_wconf 89' lang='lat' dir='ltr'><strong><em>sequioris</em></strong></span> <span class='ocrx_word' id='word_1_65' title='bbox 1267 783 1361 838; x_wconf 83' lang='lat' dir='ltr'><strong><em>oetctis</em></strong></span> 
     </span>
     <span class='ocr_line' id='line_1_8' title="bbox 178 853 1361 933; baseline 0.004 -21"><span class='ocrx_word' id='word_1_66' title='bbox 178 857 265 928; x_wconf 81' lang='lat' dir='ltr'><strong><em>possit</em></strong></span> <span class='ocrx_word' id='word_1_67' title='bbox 279 854 372 910; x_wconf 83' lang='lat' dir='ltr'><strong><em>Idem.</em></strong></span> <span class='ocrx_word' id='word_1_68' title='bbox 387 853 465 912; x_wconf 76' lang='lat' dir='ltr'><strong><em>absol</em></strong></span> <span class='ocrx_word' id='word_1_69' title='bbox 479 878 507 912; x_wconf 89' lang='grc' dir='ltr'>τε</span> <span class='ocrx_word' id='word_1_70' title='bbox 522 856 683 933; x_wconf 83' lang='grc' dir='ltr'><em>θαρσέομεν,</em></span> <span class='ocrx_word' id='word_1_71' title='bbox 698 857 743 914; x_wconf 79' lang='lat' dir='ltr'><strong><em>sol</em></strong></span> <span class='ocrx_word' id='word_1_72' title='bbox 794 859 962 930; x_wconf 85' lang='lat' dir='ltr'><strong><em>scripturam</em></strong></span> <span class='ocrx_word' id='word_1_73' title='bbox 988 862 1077 916; x_wconf 86' lang='lat' dir='ltr'><strong><em>secuti</em></strong></span> <span class='ocrx_word' id='word_1_74' title='bbox 1098 869 1178 918; x_wconf 87' lang='lat' dir='ltr'><strong><em>erant</em></strong></span> <span class='ocrx_word' id='word_1_75' title='bbox 1198 860 1311 917; x_wconf 86' lang='lat' dir='ltr'><strong><em>librarii</em></strong></span> <span class='ocrx_word' id='word_1_76' title='bbox 1335 869 1361 917; x_wconf 91' lang='lat' dir='ltr'><strong><em>et</em></strong></span> 
     </span>
     <span class='ocr_line' id='line_1_9' title="bbox 179 931 1361 1014; baseline 0.009 -26"><span class='ocrx_word' id='word_1_77' title='bbox 179 935 221 991; x_wconf 76' lang='grc' dir='ltr'><strong><em>σοί</em></strong></span> <span class='ocrx_word' id='word_1_78' title='bbox 229 931 308 1009; x_wconf 82' lang='grc' dir='ltr'>έσερο</span> <span class='ocrx_word' id='word_1_79' title='bbox 316 937 429 992; x_wconf 84' lang='grc' dir='ltr'>τοιαῦτα</span> <span class='ocrx_word' id='word_1_80' title='bbox 437 934 690 1014; x_wconf 81' lang='grc' dir='ltr'>παρακελευόμεθα,</span> <span class='ocrx_word' id='word_1_81' title='bbox 700 937 742 994; x_wconf 87' lang='lat' dir='ltr'><strong><em>Te</em></strong></span> <span class='ocrx_word' id='word_1_82' title='bbox 791 936 922 1013; x_wconf 79' lang='lat' dir='ltr'><strong><em>plerique</em></strong></span> <span class='ocrx_word' id='word_1_83' title='bbox 936 937 1079 1008; x_wconf 85' lang='lat' dir='ltr'><strong><em>Editores‚</em></strong></span> <span class='ocrx_word' id='word_1_84' title='bbox 1096 949 1216 997; x_wconf 86' lang='lat' dir='ltr'><strong><em>ueterem</em></strong></span> <span class='ocrx_word' id='word_1_85' title='bbox 1235 943 1361 998; x_wconf 85' lang='lat' dir='ltr'><strong><em>restitui-</em></strong></span> 
     </span>
     <span class='ocr_line' id='line_1_10' title="bbox 177 1014 1360 1094; baseline 0.005 -24"><span class='ocrx_word' id='word_1_86' title='bbox 177 1023 210 1072; x_wconf 86' lang='lat' dir='ltr'><strong><em>ut</em></strong></span> <span class='ocrx_word' id='word_1_87' title='bbox 223 1015 404 1076; x_wconf 75' lang='lat' dir='ltr'><strong><em>idemisciss</em></strong></span> <span class='ocrx_word' id='word_1_88' title='bbox 423 1014 471 1091; x_wconf 86' lang='lat' dir='ltr'><strong><em>(ut</em></strong></span> <span class='ocrx_word' id='word_1_89' title='bbox 491 1017 621 1074; x_wconf 86' lang='lat' dir='ltr'><strong><em>similiter</em></strong></span> <span class='ocrx_word' id='word_1_90' title='bbox 643 1015 742 1094; x_wconf 77' lang='lat' dir='ltr'><strong><em>facias)</em></strong></span> <span class='ocrx_word' id='word_1_91' title='bbox 794 1037 852 1074; x_wconf 88' lang='lat' dir='ltr'><strong><em>mus</em></strong></span> <span class='ocrx_word' id='word_1_92' title='bbox 870 1021 1048 1094; x_wconf 81' lang='lat' dir='ltr'><strong><em>scripturum.</em></strong></span> <span class='ocrx_word' id='word_1_93' title='bbox 1067 1019 1135 1076; x_wconf 82' lang='lat' dir='ltr'><strong><em>Vide</em></strong></span> <span class='ocrx_word' id='word_1_94' title='bbox 1155 1019 1224 1078; x_wconf 90' lang='lat' dir='ltr'><strong><em>Var.</em></strong></span> <span class='ocrx_word' id='word_1_95' title='bbox 1245 1019 1326 1078; x_wconf 85' lang='lat' dir='ltr'><strong><em>Lect.</em></strong></span> <span class='ocrx_word' id='word_1_96' title='bbox 1340 1022 1360 1078; x_wconf 93' lang='lat' dir='ltr'><strong><em>i.</em></strong></span> 
     </span>
     <span class='ocr_line' id='line_1_11' title="bbox 177 1093 1357 1176; baseline 0.007 -25"><span class='ocrx_word' id='word_1_97' title='bbox 177 1093 333 1166; x_wconf 72' lang='lat' dir='ltr'><strong><em>hortemur,</em></strong></span> <span class='ocrx_word' id='word_1_98' title='bbox 359 1097 379 1152; x_wconf 86' lang='lat' dir='ltr'><strong><em>i·</em></strong></span> <span class='ocrx_word' id='word_1_99' title='bbox 407 1101 473 1155; x_wconf 98' lang='grc'><strong>120.</strong></span> <span class='ocrx_word' id='word_1_100' title='bbox 492 1100 522 1173; x_wconf 88' lang='lat' dir='ltr'><strong><em>s.</em></strong></span> <span class='ocrx_word' id='word_1_101' title='bbox 551 1097 640 1154; x_wconf 82' lang='grc' dir='ltr'>ε’ποίεε</span> <span class='ocrx_word' id='word_1_102' title='bbox 661 1095 741 1154; x_wconf 78' lang='grc' dir='ltr'><strong><em>καὶὸ</em></strong></span> <span class='ocrx_word' id='word_1_103' title='bbox 799 1101 843 1154; x_wconf 88' lang='grc'><strong><em>10.</em></strong></span> <span class='ocrx_word' id='word_1_104' title='bbox 866 1117 883 1154; x_wconf 89' lang='lat' dir='ltr'><strong><em>c</em></strong></span> <span class='ocrx_word' id='word_1_105' title='bbox 905 1108 932 1155; x_wconf 91' lang='lat' dir='ltr'><strong><em>et</em></strong></span> <span class='ocrx_word' id='word_1_106' title='bbox 956 1097 1036 1157; x_wconf 87' lang='lat' dir='ltr'><strong><em>Koen</em></strong></span> <span class='ocrx_word' id='word_1_107' title='bbox 1060 1100 1099 1156; x_wconf 83' lang='lat' dir='ltr'><strong><em>ccl</em></strong></span> <span class='ocrx_word' id='word_1_108' title='bbox 1128 1099 1246 1176; x_wconf 84' lang='lat' dir='ltr'><strong><em>Greqor.</em></strong></span> <span class='ocrx_word' id='word_1_109' title='bbox 1274 1099 1357 1160; x_wconf 87' lang='lat' dir='ltr'><strong><em>Diol.</em></strong></span> 
     </span>
     <span class='ocr_line' id='line_1_12' title="bbox 177 1173 1360 1256; baseline 0.007 -26"><span class='ocrx_word' id='word_1_110' title='bbox 177 1179 267 1252; x_wconf 80' lang='grc' dir='ltr'>Κῦρος</span> <span class='ocrx_word' id='word_1_111' title='bbox 279 1173 357 1252; x_wconf 80' lang='grc' dir='ltr'>έτερα</span> <span class='ocrx_word' id='word_1_112' title='bbox 371 1181 493 1246; x_wconf 80' lang='grc' dir='ltr'>τοιαῦτα,</span> <span class='ocrx_word' id='word_1_113' title='bbox 508 1178 529 1234; x_wconf 88' lang='lat' dir='ltr'><strong><em>i.</em></strong></span> <span class='ocrx_word' id='word_1_114' title='bbox 542 1181 609 1235; x_wconf 90' lang='lat'>191.</span> <span class='ocrx_word' id='word_1_115' title='bbox 622 1198 649 1236; x_wconf 90' lang='grc' dir='ltr'><strong><em>α.</em></strong></span> <span class='ocrx_word' id='word_1_116' title='bbox 663 1198 698 1234; x_wconf 90' lang='lat' dir='ltr'><strong><em>m.</em></strong></span> <span class='ocrx_word' id='word_1_117' title='bbox 710 1177 741 1235; x_wconf 89' lang='grc' dir='ltr'><strong><em>έν</em></strong></span> <span class='ocrx_word' id='word_1_118' title='bbox 793 1176 882 1234; x_wconf 77' lang='lat' dir='ltr'><strong><em>Atrio.</em></strong></span> <span class='ocrx_word' id='word_1_119' title='bbox 895 1198 949 1236; x_wconf 87' lang='lat' dir='ltr'><strong><em>sec.</em></strong></span> <span class='ocrx_word' id='word_1_120' title='bbox 960 1184 989 1236; x_wconf 88' lang='lat'><strong><em>3.</em></strong></span> <span class='ocrx_word' id='word_1_121' title='bbox 1000 1175 1247 1256; x_wconf 61' lang='lat' dir='ltr'><strong><em>etconfi&#39;Fpupoc,</em></strong></span> <span class='ocrx_word' id='word_1_122' title='bbox 1256 1177 1360 1256; x_wconf 81' lang='grc' dir='ltr'><strong><em>Ὀμοῖα</em></strong></span> 
     </span>
    </p>
   </div>
   <div class='ocr_carea' id='block_1_3' title="bbox 173 1254 740 1890">
    <p class='ocr_par' dir='ltr' id='par_1_3' title="bbox 173 1254 740 1890">
     <span class='ocr_line' id='line_1_13' title="bbox 177 1254 740 1334; baseline 0.005 -22"><span class='ocrx_word' id='word_1_123' title='bbox 177 1260 252 1334; x_wconf 74' lang='grc' dir='ltr'>Νίνῳ</span> <span class='ocrx_word' id='word_1_124' title='bbox 268 1254 335 1316; x_wconf 79' lang='grc' dir='ltr'>πόλι</span> <span class='ocrx_word' id='word_1_125' title='bbox 355 1256 508 1334; x_wconf 86' lang='grc' dir='ltr'>γενόμενον</span> <span class='ocrx_word' id='word_1_126' title='bbox 521 1254 614 1334; x_wconf 88' lang='grc' dir='ltr'>’έτερον</span> <span class='ocrx_word' id='word_1_127' title='bbox 626 1261 740 1328; x_wconf 81' lang='grc' dir='ltr'>τοιοῦτο,</span> 
     </span>
     <span class='ocr_line' id='line_1_14' title="bbox 177 1333 738 1411; baseline 0.007 -18"><span class='ocrx_word' id='word_1_128' title='bbox 177 1333 249 1410; x_wconf 87' lang='lat' dir='ltr'><strong><em>(siue</em></strong></span> <span class='ocrx_word' id='word_1_129' title='bbox 258 1335 394 1411; x_wconf 76' lang='grc' dir='ltr'>τοιοῦτον)</span> <span class='ocrx_word' id='word_1_130' title='bbox 400 1340 430 1396; x_wconf 89' lang='lat' dir='ltr'><strong><em>ii.</em></strong></span> <span class='ocrx_word' id='word_1_131' title='bbox 440 1344 508 1397; x_wconf 95' lang='grc'><strong>150.</strong></span> <span class='ocrx_word' id='word_1_132' title='bbox 519 1358 546 1395; x_wconf 88' lang='grc' dir='ltr'><strong><em>ο.</em></strong></span> <span class='ocrx_word' id='word_1_133' title='bbox 559 1358 594 1396; x_wconf 88' lang='grc' dir='ltr'><strong><em>ιιι.</em></strong></span> <span class='ocrx_word' id='word_1_134' title='bbox 607 1358 666 1395; x_wconf 88' lang='lat' dir='ltr'><strong><em>curn</em></strong></span> <span class='ocrx_word' id='word_1_135' title='bbox 672 1338 738 1397; x_wconf 88' lang='lat' dir='ltr'><strong><em>Vnr.</em></strong></span> 
     </span>
     <span class='ocr_line' id='line_1_15' title="bbox 176 1415 740 1498; baseline 0.005 -25"><span class='ocrx_word' id='word_1_136' title='bbox 176 1415 253 1475; x_wconf 86' lang='lat' dir='ltr'><strong><em>Lect.</em></strong></span> <span class='ocrx_word' id='word_1_137' title='bbox 269 1415 348 1498; x_wconf 79' lang='grc' dir='ltr'>ἕτερα</span> <span class='ocrx_word' id='word_1_138' title='bbox 361 1423 475 1476; x_wconf 82' lang='grc' dir='ltr'>τοιαῦτα</span> <span class='ocrx_word' id='word_1_139' title='bbox 484 1416 596 1486; x_wconf 78' lang='grc' dir='ltr'><strong><em>ποιέειν,</em></strong></span> <span class='ocrx_word' id='word_1_140' title='bbox 607 1419 740 1477; x_wconf 77' lang='lat' dir='ltr'><strong><em>Parisin-</em></strong></span> 
     </span>
     <span class='ocr_line' id='line_1_16' title="bbox 175 1498 739 1568; baseline 0.005 -14"><span class='ocrx_word' id='word_1_141' title='bbox 175 1517 248 1568; x_wconf 86' lang='lat' dir='ltr'><strong><em>cere,</em></strong></span> <span class='ocrx_word' id='word_1_142' title='bbox 265 1498 348 1558; x_wconf 83' lang='lat' dir='ltr'><strong><em>Idem</em></strong></span> <span class='ocrx_word' id='word_1_143' title='bbox 359 1501 461 1567; x_wconf 81' lang='lat' dir='ltr'><strong><em>iecere,</em></strong></span> <span class='ocrx_word' id='word_1_144' title='bbox 474 1501 514 1558; x_wconf 90' lang='lat' dir='ltr'><strong><em>iii.</em></strong></span> <span class='ocrx_word' id='word_1_145' title='bbox 531 1502 582 1563; x_wconf 82' lang='lat'><strong><em>79.</em></strong></span> <span class='ocrx_word' id='word_1_146' title='bbox 597 1519 637 1558; x_wconf 92' lang='lat' dir='ltr'><strong><em>m.</em></strong></span> <span class='ocrx_word' id='word_1_147' title='bbox 654 1499 739 1557; x_wconf 86' lang='lat' dir='ltr'><strong><em>Sini-</em></strong></span> 
     </span>
     <span class='ocr_line' id='line_1_17' title="bbox 175 1575 739 1656; baseline 0.005 -22"><span class='ocrx_word' id='word_1_148' title='bbox 175 1577 240 1635; x_wconf 86' lang='lat' dir='ltr'><strong><em>liter</em></strong></span> <span class='ocrx_word' id='word_1_149' title='bbox 252 1575 345 1655; x_wconf 82' lang='grc' dir='ltr'>ἔτερον</span> <span class='ocrx_word' id='word_1_150' title='bbox 355 1578 467 1639; x_wconf 85' lang='grc' dir='ltr'>τοσόνδε</span> <span class='ocrx_word' id='word_1_151' title='bbox 478 1601 531 1638; x_wconf 83' lang='lat' dir='ltr'><strong><em>non</em></strong></span> <span class='ocrx_word' id='word_1_152' title='bbox 543 1589 584 1638; x_wconf 87' lang='lat' dir='ltr'><strong><em>est</em></strong></span> <span class='ocrx_word' id='word_1_153' title='bbox 596 1581 670 1656; x_wconf 85' lang='lat' dir='ltr'><strong><em>quod</em></strong></span> <span class='ocrx_word' id='word_1_154' title='bbox 679 1579 739 1637; x_wconf 87' lang='lat' dir='ltr'><strong><em>La-</em></strong></span> 
     </span>
     <span class='ocr_line' id='line_1_18' title="bbox 174 1658 739 1737; baseline 0.007 -23"><span class='ocrx_word' id='word_1_155' title='bbox 174 1661 231 1715; x_wconf 84' lang='lat' dir='ltr'><strong><em>tine</em></strong></span> <span class='ocrx_word' id='word_1_156' title='bbox 244 1659 377 1720; x_wconf 83' lang='lat' dir='ltr'><strong><em>Alterum</em></strong></span> <span class='ocrx_word' id='word_1_157' title='bbox 391 1669 503 1719; x_wconf 82' lang='lat' dir='ltr'><strong><em>tantum</em></strong></span> <span class='ocrx_word' id='word_1_158' title='bbox 514 1659 548 1736; x_wconf 90' lang='lat' dir='ltr'><strong><em>(i.</em></strong></span> <span class='ocrx_word' id='word_1_159' title='bbox 565 1680 589 1719; x_wconf 93' lang='lat' dir='ltr'><strong><em>e.</em></strong></span> <span class='ocrx_word' id='word_1_160' title='bbox 605 1658 739 1737; x_wconf 88' lang='lat' dir='ltr'><strong><em>duplum)</em></strong></span> 
     </span>
     <span class='ocr_line' id='line_1_19' title="bbox 173 1739 737 1808; baseline 0.005 -13"><span class='ocrx_word' id='word_1_161' title='bbox 173 1739 298 1806; x_wconf 84' lang='lat' dir='ltr'><strong><em>dicimus,</em></strong></span> <span class='ocrx_word' id='word_1_162' title='bbox 326 1741 378 1798; x_wconf 84' lang='lat' dir='ltr'><strong><em>sed</em></strong></span> <span class='ocrx_word' id='word_1_163' title='bbox 403 1742 491 1800; x_wconf 88' lang='lat' dir='ltr'><strong><em>Aliud</em></strong></span> <span class='ocrx_word' id='word_1_164' title='bbox 518 1749 639 1808; x_wconf 83' lang='lat' dir='ltr'><strong><em>tantum,</em></strong></span> <span class='ocrx_word' id='word_1_165' title='bbox 668 1743 688 1798; x_wconf 92' lang='lat' dir='ltr'><strong><em>i.</em></strong></span> <span class='ocrx_word' id='word_1_166' title='bbox 712 1761 737 1799; x_wconf 89' lang='lat' dir='ltr'><strong><em>e.</em></strong></span> 
     </span>
     <span class='ocr_line' id='line_1_20' title="bbox 175 1819 545 1890; baseline 0.005 -12"><span class='ocrx_word' id='word_1_167' title='bbox 175 1819 366 1890; x_wconf 82' lang='lat' dir='ltr'><strong><em>Tantundem,</em></strong></span> <span class='ocrx_word' id='word_1_168' title='bbox 381 1821 412 1884; x_wconf 86' lang='lat' dir='ltr'><strong><em>ii.</em></strong></span> <span class='ocrx_word' id='word_1_169' title='bbox 430 1826 497 1880; x_wconf 85' lang='lat'><strong><em>149.</em></strong></span> <span class='ocrx_word' id='word_1_170' title='bbox 510 1841 545 1880; x_wconf 88' lang='grc' dir='ltr'><strong><em>οι.</em></strong></span> 
     </span>
    </p>
   </div>
   <div class='ocr_carea' id='block_1_4' title="bbox 791 1255 1361 1897">
    <p class='ocr_par' dir='ltr' id='par_1_4' title="bbox 791 1255 1361 1897">
     <span class='ocr_line' id='line_1_21' title="bbox 794 1255 1359 1334; baseline 0.009 -21"><span class='ocrx_word' id='word_1_171' title='bbox 794 1267 821 1314; x_wconf 90' lang='lat' dir='ltr'><strong><em>et</em></strong></span> <span class='ocrx_word' id='word_1_172' title='bbox 847 1255 985 1334; x_wconf 81' lang='grc' dir='ltr'>Ὁμοῖος.)</span> <span class='ocrx_word' id='word_1_173' title='bbox 1019 1261 1147 1318; x_wconf 77' lang='lat' dir='ltr'><strong><em>Paratus.</em></strong></span> <span class='ocrx_word' id='word_1_174' title='bbox 1181 1260 1359 1318; x_wconf 84' lang='lat' dir='ltr'><strong><em>Construitur</em></strong></span> 
     </span>
     <span class='ocr_line' id='line_1_22' title="bbox 794 1337 1361 1418; baseline 0.007 -24"><span class='ocrx_word' id='word_1_175' title='bbox 794 1357 853 1394; x_wconf 88' lang='lat' dir='ltr'><strong><em>cum</em></strong></span> <span class='ocrx_word' id='word_1_176' title='bbox 867 1338 1010 1414; x_wconf 80' lang='lat' dir='ltr'><strong><em>Infinitive</em></strong></span> <span class='ocrx_word' id='word_1_177' title='bbox 1025 1341 1112 1398; x_wconf 86' lang='lat' dir='ltr'><strong><em>uerbi.</em></strong></span> <span class='ocrx_word' id='word_1_178' title='bbox 1128 1342 1232 1398; x_wconf 79' lang='grc' dir='ltr'>ποιέειν</span> <span class='ocrx_word' id='word_1_179' title='bbox 1250 1337 1361 1418; x_wconf 83' lang='grc' dir='ltr'>ἑτοῖμος</span> 
     </span>
     <span class='ocr_line' id='line_1_23' title="bbox 793 1420 1357 1496; baseline 0.009 -22"><span class='ocrx_word' id='word_1_180' title='bbox 793 1421 889 1488; x_wconf 82' lang='grc' dir='ltr'>ταῦτα,</span> <span class='ocrx_word' id='word_1_181' title='bbox 904 1420 924 1476; x_wconf 90' lang='lat' dir='ltr'><strong><em>i.</em></strong></span> <span class='ocrx_word' id='word_1_182' title='bbox 940 1425 989 1478; x_wconf 87' lang='grc'><strong><em>42.</em></strong></span> <span class='ocrx_word' id='word_1_183' title='bbox 998 1424 1028 1496; x_wconf 83' lang='lat' dir='ltr'><strong><em>s.</em></strong></span> <span class='ocrx_word' id='word_1_184' title='bbox 1048 1426 1113 1479; x_wconf 86' lang='lat'><strong><em>113.</em></strong></span> <span class='ocrx_word' id='word_1_185' title='bbox 1125 1441 1159 1478; x_wconf 87' lang='lat' dir='ltr'><strong><em>m.</em></strong></span> <span class='ocrx_word' id='word_1_186' title='bbox 1174 1441 1203 1478; x_wconf 86' lang='lat' dir='ltr'><strong><em>v.</em></strong></span> <span class='ocrx_word' id='word_1_187' title='bbox 1219 1424 1305 1478; x_wconf 84' lang='lat' dir='ltr'><strong><em>9l·u.</em></strong></span> <span class='ocrx_word' id='word_1_188' title='bbox 1318 1422 1357 1479; x_wconf 81' lang='lat' dir='ltr'><strong><em>vi.</em></strong></span> 
     </span>
     <span class='ocr_line' id='line_1_24' title="bbox 793 1499 1357 1559; baseline 0.004 -3"><span class='ocrx_word' id='word_1_189' title='bbox 793 1504 821 1556; x_wconf 93' lang='grc'><strong>5.</strong></span> <span class='ocrx_word' id='word_1_190' title='bbox 838 1509 911 1556; x_wconf 79' lang='lat' dir='ltr'><strong><em>eutr.</em></strong></span> <span class='ocrx_word' id='word_1_191' title='bbox 927 1500 967 1558; x_wconf 84' lang='lat' dir='ltr'><strong><em>ix.</em></strong></span> <span class='ocrx_word' id='word_1_192' title='bbox 984 1505 1032 1559; x_wconf 87' lang='lat'><strong><em>46.</em></strong></span> <span class='ocrx_word' id='word_1_193' title='bbox 1048 1511 1120 1558; x_wconf 80' lang='lat' dir='ltr'><strong><em>ectr.</em></strong></span> <span class='ocrx_word' id='word_1_194' title='bbox 1131 1500 1212 1558; x_wconf 83' lang='lat' dir='ltr'><strong><em>Alibi</em></strong></span> <span class='ocrx_word' id='word_1_195' title='bbox 1223 1520 1282 1558; x_wconf 87' lang='lat' dir='ltr'><strong><em>curn</em></strong></span> <span class='ocrx_word' id='word_1_196' title='bbox 1293 1499 1357 1558; x_wconf 88' lang='lat' dir='ltr'><strong><em>Do-</em></strong></span> 
     </span>
     <span class='ocr_line' id='line_1_25' title="bbox 791 1578 1358 1658; baseline 0.005 -23"><span class='ocrx_word' id='word_1_197' title='bbox 791 1578 1009 1639; x_wconf 82' lang='lat' dir='ltr'><strong><em>tiooPersonoe:</em></strong></span> <span class='ocrx_word' id='word_1_198' title='bbox 1032 1578 1358 1658; x_wconf 78' lang='grc' dir='ltr'>ἕσανέτοῖμοιέπαγγεί-</span> 
     </span>
     <span class='ocr_line' id='line_1_26' title="bbox 791 1661 1358 1738; baseline 0.009 -23"><span class='ocrx_word' id='word_1_199' title='bbox 791 1661 883 1729; x_wconf 71' lang='lat' dir='ltr'><strong><em>lauri,</em></strong></span> <span class='ocrx_word' id='word_1_200' title='bbox 903 1662 922 1718; x_wconf 94' lang='lat' dir='ltr'><strong><em>i.</em></strong></span> <span class='ocrx_word' id='word_1_201' title='bbox 939 1663 987 1724; x_wconf 83' lang='lat'><strong><em>70.</em></strong></span> <span class='ocrx_word' id='word_1_202' title='bbox 1002 1682 1029 1720; x_wconf 92' lang='grc' dir='ltr'><strong><em>α.</em></strong></span> <span class='ocrx_word' id='word_1_203' title='bbox 1045 1671 1095 1720; x_wconf 90' lang='lat' dir='ltr'><strong><em>aut</em></strong></span> <span class='ocrx_word' id='word_1_204' title='bbox 1108 1683 1167 1720; x_wconf 86' lang='lat' dir='ltr'><strong><em>cum</em></strong></span> <span class='ocrx_word' id='word_1_205' title='bbox 1181 1661 1313 1738; x_wconf 84' lang='lat' dir='ltr'><strong><em>Proepos.</em></strong></span> <span class='ocrx_word' id='word_1_206' title='bbox 1327 1663 1358 1730; x_wconf 85' lang='grc' dir='ltr'><strong><em>ές</em></strong></span> 
     </span>
     <span class='ocr_line' id='line_1_27' title="bbox 792 1737 1357 1820; baseline 0.007 -25"><span class='ocrx_word' id='word_1_207' title='bbox 792 1748 818 1796; x_wconf 82' lang='grc' dir='ltr'><strong><em>εί</em></strong></span> <span class='ocrx_word' id='word_1_208' title='bbox 831 1737 936 1798; x_wconf 83' lang='lat' dir='ltr'><strong><em>Aecus.</em></strong></span> <span class='ocrx_word' id='word_1_209' title='bbox 948 1742 993 1799; x_wconf 82' lang='lat' dir='ltr'><strong><em>rei</em></strong></span> <span class='ocrx_word' id='word_1_210' title='bbox 1004 1764 1013 1799; x_wconf 91' lang='lat'><strong><em>.·</em></strong></span> <span class='ocrx_word' id='word_1_211' title='bbox 1036 1740 1139 1820; x_wconf 78' lang='grc' dir='ltr'>ἑτοῖμοι</span> <span class='ocrx_word' id='word_1_212' title='bbox 1149 1739 1219 1800; x_wconf 78' lang='grc' dir='ltr'>ἕσαν</span> <span class='ocrx_word' id='word_1_213' title='bbox 1227 1739 1357 1812; x_wconf 83' lang='grc' dir='ltr'>ε’ςᾶλλην</span> 
     </span>
     <span class='ocr_line' id='line_1_28' title="bbox 791 1823 1357 1897; baseline 0.004 -20"><span class='ocrx_word' id='word_1_214' title='bbox 791 1825 962 1897; x_wconf 76' lang='grc' dir='ltr'>ναυμαχίην,</span> <span class='ocrx_word' id='word_1_215' title='bbox 971 1824 1030 1880; x_wconf 87' lang='lat' dir='ltr'><strong><em>viii.</em></strong></span> <span class='ocrx_word' id='word_1_216' title='bbox 1041 1827 1090 1881; x_wconf 84' lang='lat'><strong><em>96.</em></strong></span> <span class='ocrx_word' id='word_1_217' title='bbox 1102 1823 1214 1880; x_wconf 85' lang='lat' dir='ltr'><strong><em>n.Alibi</em></strong></span> <span class='ocrx_word' id='word_1_218' title='bbox 1222 1823 1357 1880; x_wconf 81' lang='lat' dir='ltr'><strong><em>Absolute</em></strong></span> 
     </span>
    </p>
   </div>
   <div class='ocr_carea' id='block_1_5' title="bbox 171 1897 1357 2307">
    <p class='ocr_par' dir='ltr' id='par_1_5' title="bbox 171 1897 1357 2307">
     <span class='ocr_line' id='line_1_29' title="bbox 213 1897 1357 1980; baseline 0.001 -22"><span class='ocrx_word' id='word_1_219' title='bbox 213 1897 275 1975; x_wconf 80' lang='lat' dir='ltr'><strong><em>2)t</em></strong></span> <span class='ocrx_word' id='word_1_220' title='bbox 294 1898 463 1978; x_wconf 74' lang='grc' dir='ltr'>ἕτερος,ανιη</span> <span class='ocrx_word' id='word_1_221' title='bbox 484 1902 624 1968; x_wconf 85' lang='lat' dir='ltr'><strong><em>Articulc,</em></strong></span> <span class='ocrx_word' id='word_1_222' title='bbox 643 1901 736 1960; x_wconf 83' lang='lat' dir='ltr'><strong><em>Alter.</em></strong></span> <span class='ocrx_word' id='word_1_223' title='bbox 786 1903 922 1974; x_wconf 85' lang='lat' dir='ltr'><strong><em>ponitur:</em></strong></span> <span class='ocrx_word' id='word_1_224' title='bbox 951 1904 1141 1960; x_wconf 64' lang='lat' dir='ltr'><strong><em>succinctior</em></strong></span> <span class='ocrx_word' id='word_1_225' title='bbox 1155 1899 1218 1968; x_wconf 70' lang='lat' dir='ltr'><strong><em>robe</em></strong></span> <span class='ocrx_word' id='word_1_226' title='bbox 1230 1900 1357 1980; x_wconf 82' lang='grc' dir='ltr'>μάλιστα</span> 
     </span>
     <span class='ocr_line' id='line_1_30' title="bbox 174 1979 736 2044; baseline 0.002 -7"><span class='ocrx_word' id='word_1_227' title='bbox 174 1979 259 2038; x_wconf 84' lang='lat' dir='ltr'><strong><em>Amat</em></strong></span> <span class='ocrx_word' id='word_1_228' title='bbox 279 1993 369 2038; x_wconf 84' lang='lat' dir='ltr'><strong><em>cutem</em></strong></span> <span class='ocrx_word' id='word_1_229' title='bbox 392 1985 421 2044; x_wconf 82' lang='lat' dir='ltr'><strong><em>in</em></strong></span> <span class='ocrx_word' id='word_1_230' title='bbox 440 1985 490 2040; x_wconf 85' lang='lat' dir='ltr'><strong><em>boc</em></strong></span> <span class='ocrx_word' id='word_1_231' title='bbox 507 1981 638 2040; x_wconf 82' lang='lat' dir='ltr'><strong><em>vocabulo</em></strong></span> <span class='ocrx_word' id='word_1_232' title='bbox 663 1982 736 2038; x_wconf 87' lang='lat' dir='ltr'><strong><em>Con·</em></strong></span> 
     </span>
     <span class='ocr_line' id='line_1_31' title="bbox 174 2059 736 2139; baseline 0.004 -22"><span class='ocrx_word' id='word_1_233' title='bbox 174 2064 333 2118; x_wconf 86' lang='lat' dir='ltr'><strong><em>tractionem</em></strong></span> <span class='ocrx_word' id='word_1_234' title='bbox 341 2066 462 2139; x_wconf 84' lang='lat' dir='ltr'><strong><em>scriptor</em></strong></span> <span class='ocrx_word' id='word_1_235' title='bbox 470 2073 581 2122; x_wconf 86' lang='lat' dir='ltr'><strong><em>noster:</em></strong></span> <span class='ocrx_word' id='word_1_236' title='bbox 596 2066 651 2119; x_wconf 81' lang='grc' dir='ltr'><strong><em>τῶν</em></strong></span> <span class='ocrx_word' id='word_1_237' title='bbox 660 2059 736 2119; x_wconf 77' lang='grc' dir='ltr'>οὔτε·</span> 
     </span>
     <span class='ocr_line' id='line_1_32' title="bbox 172 2139 734 2219; baseline 0.004 -20"><span class='ocrx_word' id='word_1_238' title='bbox 172 2163 218 2214; x_wconf 84' lang='grc' dir='ltr'><strong><em>ρας</em></strong></span> <span class='ocrx_word' id='word_1_239' title='bbox 230 2139 284 2216; x_wconf 80' lang='grc' dir='ltr'><strong><em>μέν</em></strong></span> <span class='ocrx_word' id='word_1_240' title='bbox 293 2141 502 2219; x_wconf 78' lang='grc' dir='ltr'>διέφθαρτο,--ο’</span> <span class='ocrx_word' id='word_1_241' title='bbox 512 2141 540 2200; x_wconf 82' lang='grc' dir='ltr'><strong><em>δέ</em></strong></span> <span class='ocrx_word' id='word_1_242' title='bbox 549 2141 639 2219; x_wconf 77' lang='grc' dir='ltr'>ἕτερος</span> <span class='ocrx_word' id='word_1_243' title='bbox 653 2151 704 2200; x_wconf 83' lang='lat' dir='ltr'><strong><em>etc.</em></strong></span> <span class='ocrx_word' id='word_1_244' title='bbox 714 2143 734 2201; x_wconf 89' lang='lat' dir='ltr'><strong><em>i.</em></strong></span> 
     </span>
     <span class='ocr_line' id='line_1_33' title="bbox 171 2217 735 2307; baseline 0.004 -28"><span class='ocrx_word' id='word_1_245' title='bbox 171 2226 220 2279; x_wconf 77' lang='lat'><strong><em>34.</em></strong></span> <span class='ocrx_word' id='word_1_246' title='bbox 236 2243 264 2279; x_wconf 87' lang='grc' dir='ltr'><strong><em>α.</em></strong></span> <span class='ocrx_word' id='word_1_247' title='bbox 279 2219 315 2292; x_wconf 81' lang='grc' dir='ltr'><strong><em>ἢν</em></strong></span> <span class='ocrx_word' id='word_1_248' title='bbox 324 2221 352 2279; x_wconf 77' lang='grc' dir='ltr'><strong><em>δέ</em></strong></span> <span class='ocrx_word' id='word_1_249' title='bbox 362 2217 379 2307; x_wconf 76' lang='grc' dir='ltr'><strong><em>ᾖ</em></strong></span> <span class='ocrx_word' id='word_1_250' title='bbox 388 2226 496 2303; x_wconf 82' lang='grc' dir='ltr'>οίίτιρος</span> <span class='ocrx_word' id='word_1_251' title='bbox 506 2221 705 2298; x_wconf 74' lang='grc' dir='ltr'><em>ὑποδεέστερος,</em></span> <span class='ocrx_word' id='word_1_252' title='bbox 714 2224 735 2282; x_wconf 89' lang='lat' dir='ltr'><strong><em>i.</em></strong></span> 
     </span>
    </p>
   </div>
   <div class='ocr_carea' id='block_1_6' title="bbox 151 2302 737 3025">
    <p class='ocr_par' dir='ltr' id='par_1_6' title="bbox 170 2302 737 2704">
     <span class='ocr_line' id='line_1_34' title="bbox 173 2302 734 2381; baseline 0.002 -22"><span class='ocrx_word' id='word_1_253' title='bbox 173 2306 239 2361; x_wconf 86' lang='grc'><strong>184.</strong></span> <span class='ocrx_word' id='word_1_254' title='bbox 255 2323 282 2360; x_wconf 87' lang='grc' dir='ltr'><strong><em>α.</em></strong></span> <span class='ocrx_word' id='word_1_255' title='bbox 294 2302 576 2381; x_wconf 77' lang='grc' dir='ltr'>τῶνμοέγωνοιίτερος,</span> <span class='ocrx_word' id='word_1_256' title='bbox 587 2305 628 2362; x_wconf 86' lang='lat' dir='ltr'><strong><em>iii.</em></strong></span> <span class='ocrx_word' id='word_1_257' title='bbox 639 2307 689 2365; x_wconf 81' lang='grc'><strong>78.</strong></span> <span class='ocrx_word' id='word_1_258' title='bbox 699 2323 734 2361; x_wconf 87' lang='lat' dir='ltr'><strong><em>m.</em></strong></span> 
     </span>
     <span class='ocr_line' id='line_1_35' title="bbox 171 2379 737 2459; baseline -0.002 -19"><span class='ocrx_word' id='word_1_259' title='bbox 171 2379 356 2459; x_wconf 75' lang='grc' dir='ltr'>τοῦτεροντῶν</span> <span class='ocrx_word' id='word_1_260' title='bbox 367 2384 458 2456; x_wconf 75' lang='grc' dir='ltr'>ἐτέων,</span> <span class='ocrx_word' id='word_1_261' title='bbox 468 2387 488 2444; x_wconf 89' lang='lat' dir='ltr'><strong><em>i.</em></strong></span> <span class='ocrx_word' id='word_1_262' title='bbox 498 2391 547 2443; x_wconf 82' lang='lat'><strong><em>32.</em></strong></span> <span class='ocrx_word' id='word_1_263' title='bbox 558 2404 585 2442; x_wconf 87' lang='lat' dir='ltr'><strong><em>u.</em></strong></span> <span class='ocrx_word' id='word_1_264' title='bbox 600 2405 635 2442; x_wconf 88' lang='lat' dir='ltr'><strong><em>m.</em></strong></span> <span class='ocrx_word' id='word_1_265' title='bbox 655 2383 737 2446; x_wconf 82' lang='lat' dir='ltr'><strong><em>Quod</em></strong></span> 
     </span>
     <span class='ocr_line' id='line_1_36' title="bbox 171 2462 735 2539; baseline 0.005 -20"><span class='ocrx_word' id='word_1_266' title='bbox 171 2482 235 2520; x_wconf 88' lang='lat' dir='ltr'><strong><em>oero</em></strong></span> <span class='ocrx_word' id='word_1_267' title='bbox 250 2465 314 2521; x_wconf 86' lang='lat' dir='ltr'><strong><em>olim</em></strong></span> <span class='ocrx_word' id='word_1_268' title='bbox 326 2465 365 2522; x_wconf 87' lang='lat' dir='ltr'><strong><em>iv.</em></strong></span> <span class='ocrx_word' id='word_1_269' title='bbox 383 2469 430 2522; x_wconf 92' lang='lat' dir='ltr'><strong><em>ll.</em></strong></span> <span class='ocrx_word' id='word_1_270' title='bbox 445 2485 473 2524; x_wconf 90' lang='grc' dir='ltr'><strong><em>α.</em></strong></span> <span class='ocrx_word' id='word_1_271' title='bbox 494 2466 627 2522; x_wconf 81' lang='lat' dir='ltr'><strong><em>edebatur</em></strong></span> <span class='ocrx_word' id='word_1_272' title='bbox 640 2462 735 2539; x_wconf 81' lang='grc' dir='ltr'>ἅτερος</span> 
     </span>
     <span class='ocr_line' id='line_1_37' title="bbox 170 2540 734 2621; baseline 0.004 -21"><span class='ocrx_word' id='word_1_273' title='bbox 170 2540 257 2616; x_wconf 80' lang='grc' dir='ltr'><em>λόγος</em></span> <span class='ocrx_word' id='word_1_274' title='bbox 266 2565 322 2620; x_wconf 90' lang='lat' dir='ltr'><strong><em>pro</em></strong></span> <span class='ocrx_word' id='word_1_275' title='bbox 335 2542 425 2611; x_wconf 83' lang='grc' dir='ltr'>ἄλλος</span> <span class='ocrx_word' id='word_1_276' title='bbox 431 2543 527 2620; x_wconf 76' lang='grc' dir='ltr'>λόγος,</span> <span class='ocrx_word' id='word_1_277' title='bbox 534 2547 566 2606; x_wconf 81' lang='lat' dir='ltr'><strong><em>id</em></strong></span> <span class='ocrx_word' id='word_1_278' title='bbox 572 2565 625 2604; x_wconf 85' lang='lat' dir='ltr'><strong><em>non</em></strong></span> <span class='ocrx_word' id='word_1_279' title='bbox 636 2564 734 2621; x_wconf 84' lang='lat' dir='ltr'><strong><em>aquos-</em></strong></span> 
     </span>
     <span class='ocr_line' id='line_1_38' title="bbox 171 2626 547 2704; baseline 0.008 -23"><span class='ocrx_word' id='word_1_280' title='bbox 171 2634 234 2682; x_wconf 86' lang='lat' dir='ltr'><strong><em>cunt</em></strong></span> <span class='ocrx_word' id='word_1_281' title='bbox 248 2628 343 2700; x_wconf 86' lang='lat' dir='ltr'><strong><em>optimi</em></strong></span> <span class='ocrx_word' id='word_1_282' title='bbox 357 2627 458 2704; x_wconf 86' lang='lat' dir='ltr'><strong><em>quique</em></strong></span> <span class='ocrx_word' id='word_1_283' title='bbox 472 2626 547 2684; x_wconf 86' lang='lat' dir='ltr'><strong><em>libri.</em></strong></span> 
     </span>
    </p>

    <p class='ocr_par' dir='ltr' id='par_1_7' title="bbox 151 2701 734 3025">
     <span class='ocr_line' id='line_1_39' title="bbox 151 2701 733 2786; baseline 0.01 -25"><span class='ocrx_word' id='word_1_284' title='bbox 151 2701 287 2782; x_wconf 85' lang='grc' dir='ltr'>Ἐτέρωθι,</span> <span class='ocrx_word' id='word_1_285' title='bbox 302 2726 356 2764; x_wconf 86' lang='lat' dir='ltr'><strong><em>non</em></strong></span> <span class='ocrx_word' id='word_1_286' title='bbox 369 2707 456 2764; x_wconf 85' lang='lat' dir='ltr'><strong><em>solum</em></strong></span> <span class='ocrx_word' id='word_1_287' title='bbox 469 2708 536 2766; x_wconf 90' lang='lat' dir='ltr'><strong><em>Alio</em></strong></span> <span class='ocrx_word' id='word_1_288' title='bbox 549 2708 612 2766; x_wconf 90' lang='lat' dir='ltr'><strong><em>loco</em></strong></span> <span class='ocrx_word' id='word_1_289' title='bbox 625 2709 733 2786; x_wconf 68' lang='grc' dir='ltr'>εἰμιείμ-</span> 
     </span>
     <span class='ocr_line' id='line_1_40' title="bbox 169 2785 734 2866; baseline 0.005 -24"><span class='ocrx_word' id='word_1_290' title='bbox 169 2795 222 2855; x_wconf 84' lang='lat' dir='ltr'><strong><em>cut,</em></strong></span> <span class='ocrx_word' id='word_1_291' title='bbox 237 2795 269 2843; x_wconf 86' lang='lat' dir='ltr'><strong><em>ut</em></strong></span> <span class='ocrx_word' id='word_1_292' title='bbox 281 2789 398 2845; x_wconf 79' lang='grc' dir='ltr'><strong><em>τουτέων</em></strong></span> <span class='ocrx_word' id='word_1_293' title='bbox 410 2786 463 2866; x_wconf 83' lang='grc' dir='ltr'><strong><em>μέν</em></strong></span> <span class='ocrx_word' id='word_1_294' title='bbox 475 2789 585 2864; x_wconf 82' lang='grc' dir='ltr'>ἑτέρωθι</span> <span class='ocrx_word' id='word_1_295' title='bbox 594 2785 671 2846; x_wconf 81' lang='grc' dir='ltr'>ἔσται</span> <span class='ocrx_word' id='word_1_296' title='bbox 685 2785 734 2845; x_wconf 84' lang='grc' dir='ltr'><strong><em>λα’-</em></strong></span> 
     </span>
     <span class='ocr_line' id='line_1_41' title="bbox 170 2867 732 2946; baseline 0.004 -22"><span class='ocrx_word' id='word_1_297' title='bbox 170 2888 230 2938; x_wconf 82' lang='grc' dir='ltr'>γος,</span> <span class='ocrx_word' id='word_1_298' title='bbox 244 2867 285 2924; x_wconf 84' lang='lat' dir='ltr'><strong><em>ix.</em></strong></span> <span class='ocrx_word' id='word_1_299' title='bbox 302 2873 351 2926; x_wconf 88' lang='lat'><strong><em>58.</em></strong></span> <span class='ocrx_word' id='word_1_300' title='bbox 360 2871 390 2944; x_wconf 89' lang='lat' dir='ltr'><strong><em>s.</em></strong></span> <span class='ocrx_word' id='word_1_301' title='bbox 405 2869 456 2926; x_wconf 87' lang='lat' dir='ltr'><strong><em>sed</em></strong></span> <span class='ocrx_word' id='word_1_302' title='bbox 469 2879 496 2926; x_wconf 84' lang='lat' dir='ltr'><strong><em>et</em></strong></span> <span class='ocrx_word' id='word_1_303' title='bbox 503 2869 570 2926; x_wconf 89' lang='lat' dir='ltr'><strong><em>Alio</em></strong></span> <span class='ocrx_word' id='word_1_304' title='bbox 580 2870 732 2946; x_wconf 86' lang='lat' dir='ltr'><strong><em>Tempore.</em></strong></span> 
     </span>
     <span class='ocr_line' id='line_1_42' title="bbox 170 2944 655 3025; baseline 0.008 -22"><span class='ocrx_word' id='word_1_305' title='bbox 170 2944 229 3004; x_wconf 85' lang='grc' dir='ltr'>τότε</span> <span class='ocrx_word' id='word_1_306' title='bbox 242 2945 446 3025; x_wconf 73' lang='grc' dir='ltr'>μέν-ἑτέρωθι</span> <span class='ocrx_word' id='word_1_307' title='bbox 461 2947 498 3020; x_wconf 80' lang='grc' dir='ltr'><strong><em>δέ,</em></strong></span> <span class='ocrx_word' id='word_1_308' title='bbox 513 2950 553 3007; x_wconf 82' lang='grc' dir='ltr'><strong>ἱίἰ.</strong></span> <span class='ocrx_word' id='word_1_309' title='bbox 567 2955 616 3006; x_wconf 86' lang='grc'><strong>85.</strong></span> <span class='ocrx_word' id='word_1_310' title='bbox 626 2953 655 3024; x_wconf 86' lang='lat' dir='ltr'><strong><em>s.</em></strong></span> 
     </span>
    </p>
   </div>
   <div class='ocr_carea' id='block_1_7' title="bbox 789 1979 1356 3021">
    <p class='ocr_par' dir='ltr' id='par_1_8' title="bbox 789 1979 1356 2862">
     <span class='ocr_line' id='line_1_43' title="bbox 789 1979 1356 2060; baseline 0.005 -24"><span class='ocrx_word' id='word_1_311' title='bbox 789 1980 904 2046; x_wconf 72' lang='lat' dir='ltr'><strong><em>niarasis</em></strong></span> <span class='ocrx_word' id='word_1_312' title='bbox 917 1979 1023 2052; x_wconf 88' lang='grc' dir='ltr'>ε’όντας,</span> <span class='ocrx_word' id='word_1_313' title='bbox 1034 1981 1159 2060; x_wconf 75' lang='grc' dir='ltr'>ἑτοίμους</span> <span class='ocrx_word' id='word_1_314' title='bbox 1172 1985 1356 2060; x_wconf 78' lang='grc' dir='ltr'>ποιησαμένη,</span> 
     </span>
     <span class='ocr_line' id='line_1_44' title="bbox 789 2057 1355 2144; baseline 0.005 -27"><span class='ocrx_word' id='word_1_315' title='bbox 789 2057 899 2138; x_wconf 86' lang='lat' dir='ltr'><strong><em>(nempe</em></strong></span> <span class='ocrx_word' id='word_1_316' title='bbox 909 2059 1018 2144; x_wconf 75' lang='grc' dir='ltr'>ἑωυτῇ),</span> <span class='ocrx_word' id='word_1_317' title='bbox 1033 2064 1123 2121; x_wconf 77' lang='lat' dir='ltr'><strong><em>iussis</em></strong></span> <span class='ocrx_word' id='word_1_318' title='bbox 1141 2063 1254 2120; x_wconf 81' lang='lat' dir='ltr'><strong><em>famulis</em></strong></span> <span class='ocrx_word' id='word_1_319' title='bbox 1273 2063 1355 2120; x_wconf 86' lang='lat' dir='ltr'>Prae·</span> 
     </span>
     <span class='ocr_line' id='line_1_45' title="bbox 789 2140 1354 2219; baseline 0.009 -22"><span class='ocrx_word' id='word_1_320' title='bbox 789 2149 833 2198; x_wconf 86' lang='lat' dir='ltr'><strong><em>sto</em></strong></span> <span class='ocrx_word' id='word_1_321' title='bbox 846 2141 899 2218; x_wconf 80' lang='lat' dir='ltr'><strong><em>(In</em></strong></span> <span class='ocrx_word' id='word_1_322' title='bbox 918 2154 1027 2219; x_wconf 82' lang='lat' dir='ltr'><strong><em>parato,</em></strong></span> <span class='ocrx_word' id='word_1_323' title='bbox 1042 2144 1090 2201; x_wconf 90' lang='lat' dir='ltr'><strong><em>Ad</em></strong></span> <span class='ocrx_word' id='word_1_324' title='bbox 1107 2140 1223 2218; x_wconf 80' lang='lat' dir='ltr'><strong><em>manus)</em></strong></span> <span class='ocrx_word' id='word_1_325' title='bbox 1244 2163 1315 2212; x_wconf 81' lang='lat' dir='ltr'><strong><em>esse,</em></strong></span> <span class='ocrx_word' id='word_1_326' title='bbox 1332 2144 1354 2202; x_wconf 90' lang='lat' dir='ltr'><strong><em>i.</em></strong></span> 
     </span>
     <span class='ocr_line' id='line_1_46' title="bbox 792 2221 1354 2300; baseline 0.004 -22"><span class='ocrx_word' id='word_1_327' title='bbox 792 2225 839 2279; x_wconf 93' lang='lat' dir='ltr'><strong><em>ll.</em></strong></span> <span class='ocrx_word' id='word_1_328' title='bbox 855 2242 882 2280; x_wconf 87' lang='lat' dir='ltr'><strong><em>o.</em></strong></span> <span class='ocrx_word' id='word_1_329' title='bbox 901 2221 1044 2298; x_wconf 80' lang='grc' dir='ltr'>Ἀργείους</span> <span class='ocrx_word' id='word_1_330' title='bbox 1059 2221 1184 2300; x_wconf 75' lang='grc' dir='ltr'>ἑτοίμους</span> <span class='ocrx_word' id='word_1_331' title='bbox 1202 2224 1354 2291; x_wconf 82' lang='grc' dir='ltr'>ποιέεσθαι,</span> 
     </span>
     <span class='ocr_line' id='line_1_47' title="bbox 790 2301 1355 2380; baseline 0.002 -21"><span class='ocrx_word' id='word_1_332' title='bbox 790 2302 914 2378; x_wconf 85' lang='lat' dir='ltr'><strong><em>Argivos</em></strong></span> <span class='ocrx_word' id='word_1_333' title='bbox 928 2323 1028 2380; x_wconf 83' lang='lat' dir='ltr'><strong><em>rogare</em></strong></span> <span class='ocrx_word' id='word_1_334' title='bbox 1038 2305 1082 2362; x_wconf 87' lang='lat' dir='ltr'><strong><em>vel</em></strong></span> <span class='ocrx_word' id='word_1_335' title='bbox 1091 2305 1204 2380; x_wconf 87' lang='lat' dir='ltr'><strong><em>jubere,</em></strong></span> <span class='ocrx_word' id='word_1_336' title='bbox 1213 2312 1247 2361; x_wconf 88' lang='lat' dir='ltr'><strong><em>ut</em></strong></span> <span class='ocrx_word' id='word_1_337' title='bbox 1256 2301 1355 2380; x_wconf 82' lang='lat' dir='ltr'><strong><em>(ipsis)</em></strong></span> 
     </span>
     <span class='ocr_line' id='line_1_48' title="bbox 789 2379 1356 2461; baseline 0.004 -21"><span class='ocrx_word' id='word_1_338' title='bbox 789 2393 895 2458; x_wconf 85' lang='lat' dir='ltr'><strong><em>praesto</em></strong></span> <span class='ocrx_word' id='word_1_339' title='bbox 914 2385 980 2454; x_wconf 88' lang='lat' dir='ltr'><strong><em>sint,</em></strong></span> <span class='ocrx_word' id='word_1_340' title='bbox 1005 2403 1032 2443; x_wconf 82' lang='lat' dir='ltr'><strong><em>v.</em></strong></span> <span class='ocrx_word' id='word_1_341' title='bbox 1053 2389 1102 2442; x_wconf 86' lang='grc'><strong>86.</strong></span> <span class='ocrx_word' id='word_1_342' title='bbox 1120 2388 1150 2460; x_wconf 85' lang='lat' dir='ltr'><strong><em>s.</em></strong></span> <span class='ocrx_word' id='word_1_343' title='bbox 1166 2381 1200 2442; x_wconf 72' lang='lat' dir='ltr'><strong><em>rei</em></strong></span> <span class='ocrx_word' id='word_1_344' title='bbox 1211 2387 1275 2460; x_wconf 81' lang='grc' dir='ltr'>κρέα</span> <span class='ocrx_word' id='word_1_345' title='bbox 1295 2379 1356 2461; x_wconf 68' lang='grc' dir='ltr'>εἶχε</span> 
     </span>
     <span class='ocr_line' id='line_1_49' title="bbox 789 2461 1356 2541; baseline 0.004 -21"><span class='ocrx_word' id='word_1_346' title='bbox 789 2461 897 2541; x_wconf 83' lang='grc' dir='ltr'>ἑτοῖμα,</span> <span class='ocrx_word' id='word_1_347' title='bbox 919 2465 956 2522; x_wconf 87' lang='grc' dir='ltr'><strong><em>Ια</em></strong></span> <span class='ocrx_word' id='word_1_348' title='bbox 976 2473 1077 2541; x_wconf 83' lang='lat' dir='ltr'><strong><em>parato</em></strong></span> <span class='ocrx_word' id='word_1_349' title='bbox 1090 2462 1153 2541; x_wconf 82' lang='lat' dir='ltr'><strong><em>(Ad</em></strong></span> <span class='ocrx_word' id='word_1_350' title='bbox 1167 2462 1283 2538; x_wconf 79' lang='lat' dir='ltr'><strong><em>manus)</em></strong></span> <span class='ocrx_word' id='word_1_351' title='bbox 1302 2465 1356 2522; x_wconf 85' lang='lat' dir='ltr'><strong><em>ha·</em></strong></span> 
     </span>
     <span class='ocr_line' id='line_1_50' title="bbox 790 2543 1356 2615; baseline 0 -13"><span class='ocrx_word' id='word_1_352' title='bbox 790 2545 993 2615; x_wconf 82' lang='lat' dir='ltr'><strong><em>bebstcsrnes‚</em></strong></span> <span class='ocrx_word' id='word_1_353' title='bbox 1007 2545 1028 2603; x_wconf 91' lang='lat' dir='ltr'><strong><em>i.</em></strong></span> <span class='ocrx_word' id='word_1_354' title='bbox 1054 2549 1119 2604; x_wconf 92' lang='grc'><strong>190.</strong></span> <span class='ocrx_word' id='word_1_355' title='bbox 1134 2565 1161 2602; x_wconf 87' lang='grc' dir='ltr'><strong><em>α.</em></strong></span> <span class='ocrx_word' id='word_1_356' title='bbox 1180 2565 1215 2602; x_wconf 86' lang='lat' dir='ltr'><strong><em>m.</em></strong></span> <span class='ocrx_word' id='word_1_357' title='bbox 1236 2543 1356 2602; x_wconf 86' lang='lat' dir='ltr'><strong><em>Tristem</em></strong></span> 
     </span>
     <span class='ocr_line' id='line_1_51' title="bbox 790 2625 1356 2702; baseline 0.004 -21"><span class='ocrx_word' id='word_1_358' title='bbox 790 2627 819 2681; x_wconf 90' lang='lat' dir='ltr'><strong><em>in</em></strong></span> <span class='ocrx_word' id='word_1_359' title='bbox 833 2635 931 2682; x_wconf 88' lang='lat' dir='ltr'><strong><em>sortem</em></strong></span> <span class='ocrx_word' id='word_1_360' title='bbox 947 2625 1113 2702; x_wconf 77' lang='lat' dir='ltr'><strong><em>Polycrates</em></strong></span> <span class='ocrx_word' id='word_1_361' title='bbox 1133 2629 1189 2682; x_wconf 85' lang='grc' dir='ltr'>τῶν</span> <span class='ocrx_word' id='word_1_362' title='bbox 1202 2626 1356 2694; x_wconf 85' lang='grc' dir='ltr'>πολιητέων</span> 
     </span>
     <span class='ocr_line' id='line_1_52' title="bbox 790 2701 1354 2783; baseline 0 -21"><span class='ocrx_word' id='word_1_363' title='bbox 790 2701 825 2762; x_wconf 71' lang='lat' dir='ltr'><strong><em>rei</em></strong></span> <span class='ocrx_word' id='word_1_364' title='bbox 839 2707 921 2762; x_wconf 76' lang='grc' dir='ltr'>τέκνα</span> <span class='ocrx_word' id='word_1_365' title='bbox 934 2708 979 2762; x_wconf 85' lang='grc' dir='ltr'><strong><em>καὶ</em></strong></span> <span class='ocrx_word' id='word_1_366' title='bbox 996 2704 1046 2772; x_wconf 73' lang='grc' dir='ltr'>τιές</span> <span class='ocrx_word' id='word_1_367' title='bbox 1061 2712 1196 2782; x_wconf 85' lang='grc' dir='ltr'>γυναῖκας</span> <span class='ocrx_word' id='word_1_368' title='bbox 1209 2702 1269 2783; x_wconf 82' lang='grc' dir='ltr'>εἶχε</span> <span class='ocrx_word' id='word_1_369' title='bbox 1283 2703 1354 2764; x_wconf 78' lang='lat' dir='ltr'><strong><em>irci-</em></strong></span> 
     </span>
     <span class='ocr_line' id='line_1_53' title="bbox 789 2786 1027 2862; baseline 0 -20"><span class='ocrx_word' id='word_1_370' title='bbox 789 2808 867 2862; x_wconf 90' lang='grc' dir='ltr'>μους,</span> <span class='ocrx_word' id='word_1_371' title='bbox 882 2786 922 2842; x_wconf 85' lang='lat' dir='ltr'><strong><em>iii.</em></strong></span> <span class='ocrx_word' id='word_1_372' title='bbox 938 2791 988 2844; x_wconf 86' lang='lat'><strong><em>44.</em></strong></span> <span class='ocrx_word' id='word_1_373' title='bbox 997 2789 1027 2862; x_wconf 86' lang='lat' dir='ltr'><strong><em>s.</em></strong></span> 
     </span>
    </p>

    <p class='ocr_par' dir='ltr' id='par_1_9' title="bbox 789 2863 1353 3021">
     <span class='ocr_line' id='line_1_54' title="bbox 830 2863 1353 2944; baseline 0 -22"><span class='ocrx_word' id='word_1_374' title='bbox 830 2865 858 2922; x_wconf 87' lang='lat' dir='ltr'><em>F</em></span> <span class='ocrx_word' id='word_1_375' title='bbox 856 2868 1012 2924; x_wconf 84' lang='lat' dir='ltr'><strong><em>oemiuinum</em></strong></span> <span class='ocrx_word' id='word_1_376' title='bbox 1023 2863 1131 2944; x_wconf 79' lang='grc' dir='ltr'>ἑτοῖμος</span> <span class='ocrx_word' id='word_1_377' title='bbox 1140 2876 1166 2924; x_wconf 88' lang='lat' dir='ltr'><strong><em>el</em></strong></span> <span class='ocrx_word' id='word_1_378' title='bbox 1176 2863 1281 2942; x_wconf 80' lang='grc' dir='ltr'>ἑτοίμη.</span> <span class='ocrx_word' id='word_1_379' title='bbox 1294 2863 1353 2934; x_wconf 84' lang='grc' dir='ltr'>διη-</span> 
     </span>
     <span class='ocr_line' id='line_1_55' title="bbox 789 2943 1351 3021; baseline -0.002 -19"><span class='ocrx_word' id='word_1_380' title='bbox 789 2943 881 3004; x_wconf 82' lang='grc' dir='ltr'>κόσιαί</span> <span class='ocrx_word' id='word_1_381' title='bbox 886 2969 926 3004; x_wconf 91' lang='grc' dir='ltr'>τοι</span> <span class='ocrx_word' id='word_1_382' title='bbox 935 2943 1028 3021; x_wconf 80' lang='grc' dir='ltr'>(νῆες)</span> <span class='ocrx_word' id='word_1_383' title='bbox 1034 2944 1146 3003; x_wconf 87' lang='grc' dir='ltr'>’έσονται</span> <span class='ocrx_word' id='word_1_384' title='bbox 1156 2943 1320 3021; x_wconf 71' lang='grc' dir='ltr'><strong><em>ε’τοῖμοι,ν.8</em></strong></span> <span class='ocrx_word' id='word_1_385' title='bbox 1327 2951 1351 3001; x_wconf 95' lang='lat' dir='ltr'><strong><em>l.</em></strong></span> 
     </span>
    </p>
   </div>
   <div class='ocr_carea' id='block_1_8' title="bbox 150 3022 1354 3347">
    <p class='ocr_par' dir='ltr' id='par_1_10' title="bbox 150 3022 1351 3188">
     <span class='ocr_line' id='line_1_56' title="bbox 150 3022 1351 3103; baseline -0.002 -21"><span class='ocrx_word' id='word_1_386' title='bbox 150 3023 282 3096; x_wconf 80' lang='grc' dir='ltr'>Έτησίαι,</span> <span class='ocrx_word' id='word_1_387' title='bbox 300 3028 336 3098; x_wconf 88' lang='grc' dir='ltr'><strong><em>οἱ,</em></strong></span> <span class='ocrx_word' id='word_1_388' title='bbox 351 3029 468 3088; x_wconf 82' lang='lat' dir='ltr'><strong><em>Ebesiae.</em></strong></span> <span class='ocrx_word' id='word_1_389' title='bbox 485 3031 508 3088; x_wconf 87' lang='grc' dir='ltr'><strong><em>εί</em></strong></span> <span class='ocrx_word' id='word_1_390' title='bbox 528 3027 636 3099; x_wconf 77' lang='grc' dir='ltr'>ἓτησίαι</span> <span class='ocrx_word' id='word_1_391' title='bbox 650 3029 733 3087; x_wconf 80' lang='grc' dir='ltr'>αίτιοι</span> <span class='ocrx_word' id='word_1_392' title='bbox 782 3029 810 3102; x_wconf 86' lang='lat' dir='ltr'><strong><em>s·</em></strong></span> <span class='ocrx_word' id='word_1_393' title='bbox 839 3024 888 3092; x_wconf 71' lang='grc' dir='ltr'>τὰς</span> <span class='ocrx_word' id='word_1_394' title='bbox 914 3023 1057 3100; x_wconf 75' lang='grc' dir='ltr'>λάρνακας</span> <span class='ocrx_word' id='word_1_395' title='bbox 1079 3022 1140 3103; x_wconf 74' lang='grc' dir='ltr'>εἶχε</span> <span class='ocrx_word' id='word_1_396' title='bbox 1164 3022 1285 3101; x_wconf 81' lang='grc' dir='ltr'>ἑτοίμας,</span> <span class='ocrx_word' id='word_1_397' title='bbox 1309 3024 1351 3080; x_wconf 85' lang='lat' dir='ltr'><strong><em>iii.</em></strong></span> 
     </span>
     <span class='ocr_line' id='line_1_57' title="bbox 171 3101 895 3188; baseline 0.003 -25"><span class='ocrx_word' id='word_1_398' title='bbox 171 3101 734 3188; x_wconf 75' lang='grc' dir='ltr'><strong><em>ἦσαν,ἰὶ.20.υι.τοῖσιέτησίησι,ἱ1)ἰ(1.τούς</em></strong></span> <span class='ocrx_word' id='word_1_399' title='bbox 791 3111 857 3165; x_wconf 90' lang='grc'><strong>123.</strong></span> <span class='ocrx_word' id='word_1_400' title='bbox 865 3110 895 3183; x_wconf 85' lang='lat' dir='ltr'><strong><em>s</em></strong></span> 
     </span>
    </p>

    <p class='ocr_par' dir='ltr' id='par_1_11' title="bbox 168 3181 1354 3347">
     <span class='ocr_line' id='line_1_58' title="bbox 168 3181 1354 3266; baseline -0.003 -22"><span class='ocrx_word' id='word_1_401' title='bbox 168 3187 658 3266; x_wconf 71' lang='grc' dir='ltr'>ἐτησίαςἀνέμους,ἱὶ.20.α.ἒτησιε’ων</span> <span class='ocrx_word' id='word_1_402' title='bbox 666 3188 732 3247; x_wconf 86' lang='grc' dir='ltr'>α’νέ-</span> <span class='ocrx_word' id='word_1_403' title='bbox 761 3183 854 3258; x_wconf 84' lang='grc' dir='ltr'>Ἔτος,</span> <span class='ocrx_word' id='word_1_404' title='bbox 866 3211 919 3257; x_wconf 85' lang='grc' dir='ltr'>εος,</span> <span class='ocrx_word' id='word_1_405' title='bbox 934 3186 974 3258; x_wconf 81' lang='lat' dir='ltr'><strong><em>rb,</em></strong></span> <span class='ocrx_word' id='word_1_406' title='bbox 984 3187 1096 3245; x_wconf 68' lang='lat' dir='ltr'><strong><em>Annum</em></strong></span> <span class='ocrx_word' id='word_1_407' title='bbox 1108 3183 1219 3262; x_wconf 70' lang='grc' dir='ltr'>δευτέρῳ</span> <span class='ocrx_word' id='word_1_408' title='bbox 1230 3181 1284 3242; x_wconf 72' lang='grc' dir='ltr'>ἔτεϊ</span> <span class='ocrx_word' id='word_1_409' title='bbox 1292 3206 1354 3241; x_wconf 88' lang='lat' dir='ltr'><strong><em>rou·</em></strong></span> 
     </span>
     <span class='ocr_line' id='line_1_59' title="bbox 168 3265 1353 3347; baseline -0.002 -23"><span class='ocrx_word' id='word_1_410' title='bbox 168 3270 732 3347; x_wconf 64' lang='lat' dir='ltr'><strong><em>percursarqcbronvi.140.o.vii.168.s.</em></strong></span> <span class='ocrx_word' id='word_1_411' title='bbox 787 3269 864 3337; x_wconf 85' lang='grc' dir='ltr'>τέων,</span> <span class='ocrx_word' id='word_1_412' title='bbox 879 3269 979 3328; x_wconf 87' lang='lat' dir='ltr'><strong><em>Altero</em></strong></span> <span class='ocrx_word' id='word_1_413' title='bbox 991 3270 1027 3328; x_wconf 81' lang='lat' dir='ltr'><strong><em>ab</em></strong></span> <span class='ocrx_word' id='word_1_414' title='bbox 1041 3269 1086 3325; x_wconf 88' lang='lat' dir='ltr'><strong><em>his</em></strong></span> <span class='ocrx_word' id='word_1_415' title='bbox 1100 3269 1185 3325; x_wconf 85' lang='lat' dir='ltr'><strong><em>rebus</em></strong></span> <span class='ocrx_word' id='word_1_416' title='bbox 1204 3265 1290 3341; x_wconf 85' lang='lat' dir='ltr'><strong><em>(Post</em></strong></span> <span class='ocrx_word' id='word_1_417' title='bbox 1302 3265 1353 3323; x_wconf 85' lang='lat' dir='ltr'><strong><em>has</em></strong></span> 
     </span>
    </p>
   </div>
   <div class='ocr_carea' id='block_1_9' title="bbox 36 3343 1350 3428">
    <p class='ocr_par' dir='ltr' id='par_1_12' title="bbox 36 3343 1350 3428">
     <span class='ocr_line' id='line_1_60' title="bbox 36 3343 1350 3428; baseline -0.002 -22"><span class='ocrx_word' id='word_1_418' title='bbox 36 3395 37 3406; x_wconf 69' lang='grc'><strong>.</strong></span> <span class='ocrx_word' id='word_1_419' title='bbox 143 3343 214 3418; x_wconf 81' lang='grc' dir='ltr'>Ἔτι,</span> <span class='ocrx_word' id='word_1_420' title='bbox 233 3351 347 3407; x_wconf 85' lang='lat' dir='ltr'><strong><em>Adhuc.</em></strong></span> <span class='ocrx_word' id='word_1_421' title='bbox 372 3351 420 3409; x_wconf 82' lang='lat' dir='ltr'><strong><em>Sic</em></strong></span> <span class='ocrx_word' id='word_1_422' title='bbox 438 3355 605 3428; x_wconf 83' lang='lat' dir='ltr'><strong><em>frequenter</em></strong></span> <span class='ocrx_word' id='word_1_423' title='bbox 626 3347 667 3408; x_wconf 76' lang='grc' dir='ltr'>ἔτι</span> <span class='ocrx_word' id='word_1_424' title='bbox 688 3353 733 3408; x_wconf 84' lang='grc' dir='ltr'><strong><em>καὶ</em></strong></span> <span class='ocrx_word' id='word_1_425' title='bbox 786 3345 846 3424; x_wconf 81' lang='lat' dir='ltr'><strong><em>res)</em></strong></span> <span class='ocrx_word' id='word_1_426' title='bbox 860 3369 944 3418; x_wconf 84' lang='lat' dir='ltr'><strong><em>anno,</em></strong></span> <span class='ocrx_word' id='word_1_427' title='bbox 964 3349 1001 3406; x_wconf 87' lang='lat' dir='ltr'><strong><em>vi.</em></strong></span> <span class='ocrx_word' id='word_1_428' title='bbox 1016 3352 1064 3406; x_wconf 90' lang='lat'><strong><em>46.</em></strong></span> <span class='ocrx_word' id='word_1_429' title='bbox 1086 3369 1113 3406; x_wconf 89' lang='lat' dir='ltr'><strong><em>c.</em></strong></span> <span class='ocrx_word' id='word_1_430' title='bbox 1130 3347 1189 3406; x_wconf 81' lang='lat' dir='ltr'><strong><em>Sed</em></strong></span> <span class='ocrx_word' id='word_1_431' title='bbox 1202 3347 1239 3406; x_wconf 93' lang='lat' dir='ltr'><strong><em>vi.</em></strong></span> <span class='ocrx_word' id='word_1_432' title='bbox 1259 3350 1307 3404; x_wconf 88' lang='lat'><strong><em>40.</em></strong></span> <span class='ocrx_word' id='word_1_433' title='bbox 1322 3366 1350 3404; x_wconf 93' lang='lat' dir='ltr'><strong><em>a.</em></strong></span> 
     </span>
    </p>
   </div>
   <div class='ocr_carea' id='block_1_10' title="bbox 163 3425 1355 3986">
    <p class='ocr_par' dir='ltr' id='par_1_13' title="bbox 167 3425 1355 3668">
     <span class='ocr_line' id='line_1_61' title="bbox 169 3425 1353 3506; baseline -0.003 -20"><span class='ocrx_word' id='word_1_434' title='bbox 169 3433 229 3499; x_wconf 82' lang='grc' dir='ltr'>νῦν,</span> <span class='ocrx_word' id='word_1_435' title='bbox 239 3431 436 3489; x_wconf 81' lang='lat' dir='ltr'><strong><em>Adhuoetism</em></strong></span> <span class='ocrx_word' id='word_1_436' title='bbox 446 3451 530 3489; x_wconf 85' lang='lat' dir='ltr'><strong><em>nunc.</em></strong></span> <span class='ocrx_word' id='word_1_437' title='bbox 544 3431 603 3488; x_wconf 78' lang='lat' dir='ltr'><strong><em>Sea</em></strong></span> <span class='ocrx_word' id='word_1_438' title='bbox 611 3433 651 3488; x_wconf 84' lang='lat' dir='ltr'><strong><em>ix.</em></strong></span> <span class='ocrx_word' id='word_1_439' title='bbox 663 3437 729 3489; x_wconf 87' lang='grc'><strong>102.</strong></span> <span class='ocrx_word' id='word_1_440' title='bbox 787 3433 865 3506; x_wconf 76' lang='grc' dir='ltr'>τρίτῳ</span> <span class='ocrx_word' id='word_1_441' title='bbox 876 3425 931 3486; x_wconf 79' lang='grc' dir='ltr'>ἕτέὶ</span> <span class='ocrx_word' id='word_1_442' title='bbox 943 3427 1060 3488; x_wconf 85' lang='grc' dir='ltr'>τουτέων</span> <span class='ocrx_word' id='word_1_443' title='bbox 1069 3429 1140 3486; x_wconf 86' lang='lat' dir='ltr'><strong><em>idem</em></strong></span> <span class='ocrx_word' id='word_1_444' title='bbox 1149 3427 1265 3486; x_wconf 82' lang='lat' dir='ltr'><strong><em>valetne</em></strong></span> <span class='ocrx_word' id='word_1_445' title='bbox 1273 3429 1353 3504; x_wconf 83' lang='grc' dir='ltr'>τρίτιρ</span> 
     </span>
     <span class='ocr_line' id='line_1_62' title="bbox 167 3507 1355 3588; baseline -0.003 -21"><span class='ocrx_word' id='word_1_446' title='bbox 167 3529 193 3566; x_wconf 91' lang='lat' dir='ltr'><strong><em>a.</em></strong></span> <span class='ocrx_word' id='word_1_447' title='bbox 208 3521 249 3569; x_wconf 87' lang='lat' dir='ltr'><strong><em>est</em></strong></span> <span class='ocrx_word' id='word_1_448' title='bbox 263 3507 303 3569; x_wconf 80' lang='grc' dir='ltr'>ἔτι</span> <span class='ocrx_word' id='word_1_449' title='bbox 324 3513 367 3569; x_wconf 82' lang='grc' dir='ltr'><strong><em>καὶ</em></strong></span> <span class='ocrx_word' id='word_1_450' title='bbox 378 3509 421 3582; x_wconf 75' lang='grc' dir='ltr'><strong><em>δὴ,</em></strong></span> <span class='ocrx_word' id='word_1_451' title='bbox 442 3513 490 3570; x_wconf 87' lang='lat' dir='ltr'><strong><em>ubi</em></strong></span> <span class='ocrx_word' id='word_1_452' title='bbox 508 3513 565 3569; x_wconf 84' lang='lat' dir='ltr'><strong><em>loco</em></strong></span> <span class='ocrx_word' id='word_1_453' title='bbox 579 3515 661 3570; x_wconf 85' lang='lat' dir='ltr'><strong><em>trium</em></strong></span> <span class='ocrx_word' id='word_1_454' title='bbox 680 3513 731 3568; x_wconf 85' lang='lat' dir='ltr'><strong><em>ba·</em></strong></span> <span class='ocrx_word' id='word_1_455' title='bbox 786 3508 840 3566; x_wconf 81' lang='grc' dir='ltr'><strong><em>ἕτεῖ</em></strong></span> <span class='ocrx_word' id='word_1_456' title='bbox 857 3507 998 3588; x_wconf 85' lang='grc' dir='ltr'>πρότερον.</span> <span class='ocrx_word' id='word_1_457' title='bbox 1017 3510 1099 3586; x_wconf 87' lang='lat' dir='ltr'><strong><em>Conf.</em></strong></span> <span class='ocrx_word' id='word_1_458' title='bbox 1119 3529 1144 3567; x_wconf 90' lang='lat' dir='ltr'><strong><em>c.</em></strong></span> <span class='ocrx_word' id='word_1_459' title='bbox 1164 3513 1212 3566; x_wconf 89' lang='grc'><strong>40.</strong></span> <span class='ocrx_word' id='word_1_460' title='bbox 1233 3518 1305 3566; x_wconf 81' lang='lat' dir='ltr'><strong><em>ectr.</em></strong></span> <span class='ocrx_word' id='word_1_461' title='bbox 1327 3516 1355 3564; x_wconf 92' lang='lat' dir='ltr'><strong><em>et</em></strong></span> 
     </span>
     <span class='ocr_line' id='line_1_63' title="bbox 167 3589 1095 3668; baseline 0 -20"><span class='ocrx_word' id='word_1_462' title='bbox 167 3609 228 3648; x_wconf 88' lang='lat' dir='ltr'><strong><em>rum</em></strong></span> <span class='ocrx_word' id='word_1_463' title='bbox 237 3594 408 3668; x_wconf 89' lang='lat' dir='ltr'><strong><em>particulam</em></strong></span> <span class='ocrx_word' id='word_1_464' title='bbox 422 3613 503 3650; x_wconf 85' lang='lat' dir='ltr'><strong><em>uuam</em></strong></span> <span class='ocrx_word' id='word_1_465' title='bbox 516 3589 577 3663; x_wconf 80' lang='grc' dir='ltr'>ἤδη,</span> <span class='ocrx_word' id='word_1_466' title='bbox 592 3593 665 3656; x_wconf 81' lang='lat' dir='ltr'><strong><em>Jem.</em></strong></span> <span class='ocrx_word' id='word_1_467' title='bbox 681 3612 731 3649; x_wconf 78' lang='lat' dir='ltr'><strong><em>ec·</em></strong></span> <span class='ocrx_word' id='word_1_468' title='bbox 787 3591 851 3646; x_wconf 83' lang='lat' dir='ltr'><strong><em>vide</em></strong></span> <span class='ocrx_word' id='word_1_469' title='bbox 864 3589 972 3648; x_wconf 83' lang='lat' dir='ltr'><strong><em>Notata</em></strong></span> <span class='ocrx_word' id='word_1_470' title='bbox 986 3591 1025 3647; x_wconf 77' lang='lat' dir='ltr'><strong><em>aa</em></strong></span> <span class='ocrx_word' id='word_1_471' title='bbox 1037 3591 1055 3648; x_wconf 90' lang='lat' dir='ltr'><strong><em>l.</em></strong></span> <span class='ocrx_word' id='word_1_472' title='bbox 1071 3610 1095 3648; x_wconf 92' lang='lat' dir='ltr'><strong><em>c.</em></strong></span> 
     </span>
    </p>

    <p class='ocr_par' dir='ltr' id='par_1_14' title="bbox 163 3664 1352 3986">
     <span class='ocr_line' id='line_1_64' title="bbox 166 3664 1352 3750; baseline -0.004 -24"><span class='ocrx_word' id='word_1_473' title='bbox 166 3682 328 3746; x_wconf 81' lang='lat' dir='ltr'><strong><em>spectasses.</em></strong></span> <span class='ocrx_word' id='word_1_474' title='bbox 367 3673 436 3731; x_wconf 82' lang='lat' dir='ltr'><strong><em>Vide</em></strong></span> <span class='ocrx_word' id='word_1_475' title='bbox 459 3693 525 3750; x_wconf 79' lang='lat' dir='ltr'><strong><em>quae</em></strong></span> <span class='ocrx_word' id='word_1_476' title='bbox 546 3674 585 3730; x_wconf 86' lang='lat' dir='ltr'><strong><em>ibi</em></strong></span> <span class='ocrx_word' id='word_1_477' title='bbox 608 3679 637 3730; x_wconf 85' lang='lat' dir='ltr'><strong><em>in</em></strong></span> <span class='ocrx_word' id='word_1_478' title='bbox 664 3671 730 3730; x_wconf 89' lang='lat' dir='ltr'><strong><em>Vor.</em></strong></span> <span class='ocrx_word' id='word_1_479' title='bbox 766 3664 816 3740; x_wconf 78' lang='lat' dir='ltr'><strong><em>Et,</em></strong></span> <span class='ocrx_word' id='word_1_480' title='bbox 835 3671 960 3728; x_wconf 84' lang='lat' dir='ltr'><strong><em>Aduerb.</em></strong></span> <span class='ocrx_word' id='word_1_481' title='bbox 983 3671 1072 3728; x_wconf 88' lang='lat' dir='ltr'><strong><em>Bene.</em></strong></span> <span class='ocrx_word' id='word_1_482' title='bbox 1096 3664 1224 3737; x_wconf 79' lang='grc' dir='ltr'>εὖῆκειν,</span> <span class='ocrx_word' id='word_1_483' title='bbox 1242 3667 1352 3724; x_wconf 74' lang='lat' dir='ltr'><strong><em>villain</em></strong></span> 
     </span>
     <span class='ocr_line' id='line_1_65' title="bbox 168 3739 1350 3838; baseline -0.006 -31"><span class='ocrx_word' id='word_1_484' title='bbox 168 3749 246 3809; x_wconf 86' lang='lat' dir='ltr'><strong><em>Leet.</em></strong></span> <span class='ocrx_word' id='word_1_485' title='bbox 261 3755 402 3811; x_wconf 82' lang='lat' dir='ltr'><strong><em>adnotari.</em></strong></span> <span class='ocrx_word' id='word_1_486' title='bbox 421 3751 462 3811; x_wconf 76' lang='grc' dir='ltr'>ἔτι</span> <span class='ocrx_word' id='word_1_487' title='bbox 481 3755 597 3810; x_wconf 79' lang='lat' dir='ltr'><strong><em>subinde</em></strong></span> <span class='ocrx_word' id='word_1_488' title='bbox 614 3751 732 3810; x_wconf 77' lang='lat' dir='ltr'><strong><em>cumini</em></strong></span> <span class='ocrx_word' id='word_1_489' title='bbox 781 3748 889 3808; x_wconf 87' lang='grc' dir='ltr'>Ἤκειν.</span> <span class='ocrx_word' id='word_1_490' title='bbox 901 3747 1000 3826; x_wconf 79' lang='grc' dir='ltr'>ἄνδρες</span> <span class='ocrx_word' id='word_1_491' title='bbox 1009 3746 1089 3826; x_wconf 80' lang='grc' dir='ltr'>φύσει</span> <span class='ocrx_word' id='word_1_492' title='bbox 1096 3745 1244 3821; x_wconf 85' lang='grc' dir='ltr'>γεγονότες</span> <span class='ocrx_word' id='word_1_493' title='bbox 1251 3739 1290 3838; x_wconf 69' lang='grc' dir='ltr'><strong><em>εὖ,</em></strong></span> <span class='ocrx_word' id='word_1_494' title='bbox 1300 3745 1350 3838; x_wconf 71' lang='lat' dir='ltr'><strong><em>vii.</em></strong></span> 
     </span>
     <span class='ocr_line' id='line_1_66' title="bbox 163 3825 1350 3908; baseline -0.005 -20"><span class='ocrx_word' id='word_1_495' title='bbox 163 3835 356 3906; x_wconf 79' lang='lat' dir='ltr'><strong><em>permiscetur,</em></strong></span> <span class='ocrx_word' id='word_1_496' title='bbox 379 3853 438 3890; x_wconf 88' lang='lat' dir='ltr'><strong><em>cum</em></strong></span> <span class='ocrx_word' id='word_1_497' title='bbox 456 3836 563 3908; x_wconf 86' lang='lat' dir='ltr'><strong><em>passim</em></strong></span> <span class='ocrx_word' id='word_1_498' title='bbox 583 3834 653 3890; x_wconf 88' lang='lat' dir='ltr'><strong><em>alibi</em></strong></span> <span class='ocrx_word' id='word_1_499' title='bbox 676 3842 731 3890; x_wconf 86' lang='lat' dir='ltr'><strong><em>tum</em></strong></span> <span class='ocrx_word' id='word_1_500' title='bbox 788 3835 854 3888; x_wconf 84' lang='lat'><strong><em>134.</em></strong></span> <span class='ocrx_word' id='word_1_501' title='bbox 863 3834 892 3905; x_wconf 84' lang='lat' dir='ltr'><strong><em>f.</em></strong></span> <span class='ocrx_word' id='word_1_502' title='bbox 917 3829 1004 3886; x_wconf 89' lang='lat' dir='ltr'><strong><em>Porto</em></strong></span> <span class='ocrx_word' id='word_1_503' title='bbox 1021 3839 1047 3885; x_wconf 93' lang='lat' dir='ltr'><strong><em>et</em></strong></span> <span class='ocrx_word' id='word_1_504' title='bbox 1069 3829 1133 3884; x_wconf 87' lang='lat' dir='ltr'><strong><em>aliis</em></strong></span> <span class='ocrx_word' id='word_1_505' title='bbox 1151 3837 1215 3883; x_wconf 89' lang='lat' dir='ltr'><strong><em>sunt</em></strong></span> <span class='ocrx_word' id='word_1_506' title='bbox 1233 3825 1350 3882; x_wconf 79' lang='lat' dir='ltr'><strong><em>Eximlo</em></strong></span> 
     </span>
     <span class='ocr_line' id='line_1_67' title="bbox 167 3903 1351 3986; baseline -0.008 -18"><span class='ocrx_word' id='word_1_507' title='bbox 167 3913 205 3968; x_wconf 82' lang='lat' dir='ltr'><strong><em>vi.</em></strong></span> <span class='ocrx_word' id='word_1_508' title='bbox 222 3914 270 3974; x_wconf 82' lang='lat'><strong><em>97.</em></strong></span> <span class='ocrx_word' id='word_1_509' title='bbox 285 3933 320 3970; x_wconf 86' lang='lat' dir='ltr'><strong><em>ru.</em></strong></span> <span class='ocrx_word' id='word_1_510' title='bbox 336 3915 383 3970; x_wconf 90' lang='lat' dir='ltr'><strong><em>ubi</em></strong></span> <span class='ocrx_word' id='word_1_511' title='bbox 397 3915 461 3971; x_wconf 85' lang='lat' dir='ltr'><strong><em>aide</em></strong></span> <span class='ocrx_word' id='word_1_512' title='bbox 480 3913 544 3972; x_wconf 81' lang='lat' dir='ltr'><strong><em>Ver.</em></strong></span> <span class='ocrx_word' id='word_1_513' title='bbox 563 3913 641 3972; x_wconf 86' lang='lat' dir='ltr'><strong><em>Leot.</em></strong></span> <span class='ocrx_word' id='word_1_514' title='bbox 785 3911 911 3986; x_wconf 83' lang='lat' dir='ltr'><strong><em>ingenio,</em></strong></span> <span class='ocrx_word' id='word_1_515' title='bbox 924 3909 1067 3966; x_wconf 75' lang='lat' dir='ltr'><strong><em>Praeclara</em></strong></span> <span class='ocrx_word' id='word_1_516' title='bbox 1074 3907 1169 3964; x_wconf 91' lang='lat' dir='ltr'><strong><em>indole</em></strong></span> <span class='ocrx_word' id='word_1_517' title='bbox 1179 3906 1253 3975; x_wconf 82' lang='lat' dir='ltr'><strong><em>viri3</em></strong></span> <span class='ocrx_word' id='word_1_518' title='bbox 1276 3903 1351 3961; x_wconf 89' lang='lat' dir='ltr'><strong><em>Lor-</em></strong></span> 
     </span>
    </p>
   </div>
   <div class='ocr_carea' id='block_1_11' title="bbox 36 3965 1348 4070">
    <p class='ocr_par' dir='ltr' id='par_1_15' title="bbox 36 3965 1348 4070">
     <span class='ocr_line' id='line_1_68' title="bbox 36 3965 1348 4070; baseline -0.005 -23"><span class='ocrx_word' id='word_1_519' title='bbox 36 3965 37 4014; x_wconf 52' lang='lat' dir='ltr'><strong><em>i</em></strong></span> <span class='ocrx_word' id='word_1_520' title='bbox 147 3987 330 4070; x_wconf 79' lang='grc' dir='ltr'>Ἐτοιμιέζειν,</span> <span class='ocrx_word' id='word_1_521' title='bbox 352 3995 466 4064; x_wconf 83' lang='lat' dir='ltr'><strong><em>Parare,</em></strong></span> <span class='ocrx_word' id='word_1_522' title='bbox 489 3995 665 4070; x_wconf 82' lang='lat' dir='ltr'><strong><em>Praeparere.</em></strong></span> <span class='ocrx_word' id='word_1_523' title='bbox 681 3991 731 4058; x_wconf 79' lang='grc' dir='ltr'>τοὶς</span> <span class='ocrx_word' id='word_1_524' title='bbox 786 3991 868 4048; x_wconf 84' lang='grc' dir='ltr'>οίιενο</span> <span class='ocrx_word' id='word_1_525' title='bbox 890 3998 917 4045; x_wconf 91' lang='lat' dir='ltr'><strong><em>et</em></strong></span> <span class='ocrx_word' id='word_1_526' title='bbox 947 3987 1048 4057; x_wconf 78' lang='lat' dir='ltr'><strong><em>Valles,</em></strong></span> <span class='ocrx_word' id='word_1_527' title='bbox 1076 3987 1169 4044; x_wconf 90' lang='lat' dir='ltr'><strong><em>Nihili</em></strong></span> <span class='ocrx_word' id='word_1_528' title='bbox 1191 3985 1254 4043; x_wconf 92' lang='lat' dir='ltr'><strong><em>loco</em></strong></span> <span class='ocrx_word' id='word_1_529' title='bbox 1278 3985 1348 4042; x_wconf 85' lang='lat' dir='ltr'><strong><em>nati.</em></strong></span> 
     </span>
    </p>
   </div>
   <div class='ocr_carea' id='block_1_12' title="bbox 159 4063 1351 4551">
    <p class='ocr_par' dir='ltr' id='par_1_16' title="bbox 159 4063 1351 4551">
     <span class='ocr_line' id='line_1_69' title="bbox 168 4063 1350 4150; baseline -0.004 -23"><span class='ocrx_word' id='word_1_530' title='bbox 168 4071 233 4136; x_wconf 86' lang='grc' dir='ltr'>νέας</span> <span class='ocrx_word' id='word_1_531' title='bbox 250 4080 364 4149; x_wconf 85' lang='grc' dir='ltr'>προεῖπε</span> <span class='ocrx_word' id='word_1_532' title='bbox 381 4071 546 4150; x_wconf 77' lang='grc' dir='ltr'>ἑτοιμάζειν,</span> <span class='ocrx_word' id='word_1_533' title='bbox 566 4075 604 4132; x_wconf 90' lang='lat' dir='ltr'><strong><em>vi.</em></strong></span> <span class='ocrx_word' id='word_1_534' title='bbox 627 4077 676 4132; x_wconf 88' lang='grc'><strong><em>95.</em></strong></span> <span class='ocrx_word' id='word_1_535' title='bbox 692 4093 729 4130; x_wconf 86' lang='grc' dir='ltr'><strong><em>ιιι.</em></strong></span> <span class='ocrx_word' id='word_1_536' title='bbox 785 4066 951 4146; x_wconf 86' lang='grc' dir='ltr'>προηγόρευε</span> <span class='ocrx_word' id='word_1_537' title='bbox 965 4063 995 4125; x_wconf 83' lang='grc' dir='ltr'><strong><em>εὗ</em></strong></span> <span class='ocrx_word' id='word_1_538' title='bbox 1003 4065 1108 4146; x_wconf 85' lang='grc' dir='ltr'>’έχοντα</span> <span class='ocrx_word' id='word_1_539' title='bbox 1119 4065 1149 4124; x_wconf 86' lang='grc' dir='ltr'><strong><em>εἰι</em></strong></span> <span class='ocrx_word' id='word_1_540' title='bbox 1156 4063 1281 4136; x_wconf 89' lang='grc' dir='ltr'>ποίντων,</span> <span class='ocrx_word' id='word_1_541' title='bbox 1290 4065 1350 4122; x_wconf 86' lang='lat' dir='ltr'><strong><em>viii.</em></strong></span> 
     </span>
     <span class='ocr_line' id='line_1_70' title="bbox 166 4145 1349 4230; baseline -0.005 -23"><span class='ocrx_word' id='word_1_542' title='bbox 166 4147 385 4229; x_wconf 75' lang='grc' dir='ltr'>ἑτοιμασάμενος</span> <span class='ocrx_word' id='word_1_543' title='bbox 403 4153 438 4211; x_wconf 77' lang='lat' dir='ltr'><strong><em>sd</em></strong></span> <span class='ocrx_word' id='word_1_544' title='bbox 456 4155 516 4230; x_wconf 80' lang='grc' dir='ltr'>περὶ</span> <span class='ocrx_word' id='word_1_545' title='bbox 534 4151 598 4218; x_wconf 74' lang='grc' dir='ltr'><strong><em>τούς</em></strong></span> <span class='ocrx_word' id='word_1_546' title='bbox 612 4151 729 4230; x_wconf 70' lang='grc' dir='ltr'>νεκροιές,</span> <span class='ocrx_word' id='word_1_547' title='bbox 786 4155 834 4208; x_wconf 85' lang='grc'><strong>83.</strong></span> <span class='ocrx_word' id='word_1_548' title='bbox 855 4148 882 4206; x_wconf 81' lang='lat' dir='ltr'><strong><em>a.</em></strong></span> <span class='ocrx_word' id='word_1_549' title='bbox 899 4147 965 4226; x_wconf 86' lang='lat' dir='ltr'><strong><em>(quo</em></strong></span> <span class='ocrx_word' id='word_1_550' title='bbox 980 4150 1014 4206; x_wconf 81' lang='lat' dir='ltr'><strong><em>dc</em></strong></span> <span class='ocrx_word' id='word_1_551' title='bbox 1034 4149 1092 4206; x_wconf 87' lang='lat' dir='ltr'><strong><em>loco</em></strong></span> <span class='ocrx_word' id='word_1_552' title='bbox 1112 4149 1185 4223; x_wconf 87' lang='lat' dir='ltr'><strong><em>conf.</em></strong></span> <span class='ocrx_word' id='word_1_553' title='bbox 1206 4145 1261 4216; x_wconf 85' lang='grc' dir='ltr'><strong><em>Ἐκ,</em></strong></span> <span class='ocrx_word' id='word_1_554' title='bbox 1276 4165 1349 4203; x_wconf 88' lang='lat' dir='ltr'><strong><em>num.</em></strong></span> 
     </span>
     <span class='ocr_line' id='line_1_71' title="bbox 165 4220 1350 4310; baseline -0.007 -20"><span class='ocrx_word' id='word_1_555' title='bbox 165 4232 223 4290; x_wconf 79' lang='lat' dir='ltr'><strong><em>viii.</em></strong></span> <span class='ocrx_word' id='word_1_556' title='bbox 241 4238 290 4292; x_wconf 89' lang='grc'><strong><em>24.</em></strong></span> <span class='ocrx_word' id='word_1_557' title='bbox 305 4254 333 4290; x_wconf 91' lang='grc' dir='ltr'><strong><em>ο.</em></strong></span> <span class='ocrx_word' id='word_1_558' title='bbox 353 4234 443 4296; x_wconf 81' lang='lat' dir='ltr'><strong><em>Quasi</em></strong></span> <span class='ocrx_word' id='word_1_559' title='bbox 454 4234 676 4310; x_wconf 85' lang='lat' dir='ltr'><strong><em>impersonaliter</em></strong></span> <span class='ocrx_word' id='word_1_560' title='bbox 690 4234 730 4290; x_wconf 87' lang='lat' dir='ltr'><strong><em>le·</em></strong></span> <span class='ocrx_word' id='word_1_561' title='bbox 786 4227 831 4306; x_wconf 82' lang='grc'><strong>5.)</strong></span> <span class='ocrx_word' id='word_1_562' title='bbox 844 4225 875 4287; x_wconf 81' lang='grc' dir='ltr'><strong><em>εὖ</em></strong></span> <span class='ocrx_word' id='word_1_563' title='bbox 889 4233 919 4288; x_wconf 84' lang='lat' dir='ltr'><strong><em>in</em></strong></span> <span class='ocrx_word' id='word_1_564' title='bbox 937 4231 1000 4307; x_wconf 82' lang='lat' dir='ltr'><strong><em>fine</em></strong></span> <span class='ocrx_word' id='word_1_565' title='bbox 1014 4231 1167 4286; x_wconf 82' lang='lat' dir='ltr'><strong><em>orationis:</em></strong></span> <span class='ocrx_word' id='word_1_566' title='bbox 1194 4225 1295 4304; x_wconf 88' lang='grc' dir='ltr'>νόμους</span> <span class='ocrx_word' id='word_1_567' title='bbox 1311 4220 1350 4300; x_wconf 71' lang='grc' dir='ltr'><strong><em>μη</em></strong></span> 
     </span>
     <span class='ocr_line' id='line_1_72' title="bbox 164 4301 1351 4396; baseline -0.01 -26"><span class='ocrx_word' id='word_1_568' title='bbox 164 4313 280 4387; x_wconf 84' lang='lat' dir='ltr'><strong><em>qebutur</em></strong></span> <span class='ocrx_word' id='word_1_569' title='bbox 305 4312 464 4390; x_wconf 83' lang='grc' dir='ltr'>ἕτοιμάζετο</span> <span class='ocrx_word' id='word_1_570' title='bbox 484 4312 610 4392; x_wconf 88' lang='grc' dir='ltr'>μα’λιστα</span> <span class='ocrx_word' id='word_1_571' title='bbox 633 4311 663 4378; x_wconf 82' lang='grc' dir='ltr'><strong><em>ές</em></strong></span> <span class='ocrx_word' id='word_1_572' title='bbox 681 4310 731 4370; x_wconf 78' lang='grc' dir='ltr'>τόν</span> <span class='ocrx_word' id='word_1_573' title='bbox 786 4307 866 4368; x_wconf 77' lang='grc' dir='ltr'>λύειν</span> <span class='ocrx_word' id='word_1_574' title='bbox 878 4307 998 4389; x_wconf 73' lang='grc' dir='ltr'>ἔχοντας</span> <span class='ocrx_word' id='word_1_575' title='bbox 1012 4305 1051 4378; x_wconf 81' lang='grc' dir='ltr'><strong><em>εὗ,</em></strong></span> <span class='ocrx_word' id='word_1_576' title='bbox 1073 4310 1113 4367; x_wconf 87' lang='lat' dir='ltr'><strong><em>iii.</em></strong></span> <span class='ocrx_word' id='word_1_577' title='bbox 1138 4313 1185 4365; x_wconf 94' lang='grc'><strong><em>82.</em></strong></span> <span class='ocrx_word' id='word_1_578' title='bbox 1205 4316 1278 4364; x_wconf 81' lang='lat' dir='ltr'><strong><em>ectr.</em></strong></span> <span class='ocrx_word' id='word_1_579' title='bbox 1302 4301 1351 4396; x_wconf 68' lang='lat' dir='ltr'><strong><em>Sic</em></strong></span> 
     </span>
     <span class='ocr_line' id='line_1_73' title="bbox 159 4379 1351 4475; baseline -0.011 -24"><span class='ocrx_word' id='word_1_580' title='bbox 159 4389 266 4464; x_wconf 64' lang='grc' dir='ltr'>Ἄθων,</span> <span class='ocrx_word' id='word_1_581' title='bbox 280 4395 330 4452; x_wconf 83' lang='lat' dir='ltr'><strong><em>vii.</em></strong></span> <span class='ocrx_word' id='word_1_582' title='bbox 347 4400 395 4453; x_wconf 90' lang='grc'><strong><em>22.</em></strong></span> <span class='ocrx_word' id='word_1_583' title='bbox 411 4415 438 4453; x_wconf 86' lang='grc' dir='ltr'><strong><em>α.</em></strong></span> <span class='ocrx_word' id='word_1_584' title='bbox 452 4395 500 4452; x_wconf 84' lang='lat' dir='ltr'><strong><em>ubi</em></strong></span> <span class='ocrx_word' id='word_1_585' title='bbox 509 4414 558 4452; x_wconf 88' lang='lat' dir='ltr'><strong><em>nos</em></strong></span> <span class='ocrx_word' id='word_1_586' title='bbox 572 4414 606 4452; x_wconf 80' lang='lat' dir='ltr'><strong><em>ex</em></strong></span> <span class='ocrx_word' id='word_1_587' title='bbox 616 4393 728 4469; x_wconf 77' lang='lat' dir='ltr'><strong><em>conjeci.</em></strong></span> <span class='ocrx_word' id='word_1_588' title='bbox 786 4387 1022 4468; x_wconf 75' lang='grc' dir='ltr'>ταφθῆναι-ὖπᾶ</span> <span class='ocrx_word' id='word_1_589' title='bbox 1035 4393 1089 4446; x_wconf 83' lang='grc' dir='ltr'>τῶν</span> <span class='ocrx_word' id='word_1_590' title='bbox 1108 4391 1223 4464; x_wconf 83' lang='grc' dir='ltr'>Σαμίων</span> <span class='ocrx_word' id='word_1_591' title='bbox 1237 4379 1266 4440; x_wconf 82' lang='lat' dir='ltr'><strong><em>eb</em></strong></span> <span class='ocrx_word' id='word_1_592' title='bbox 1288 4384 1351 4475; x_wconf 63' lang='lat' dir='ltr'><strong><em>olqtn</em></strong></span> 
     </span>
     <span class='ocr_line' id='line_1_74' title="bbox 164 4460 1351 4551; baseline -0.012 -22"><span class='ocrx_word' id='word_1_593' title='bbox 164 4471 199 4530; x_wconf 78' lang='lat' dir='ltr'><strong><em>rei</em></strong></span> <span class='ocrx_word' id='word_1_594' title='bbox 213 4472 242 4539; x_wconf 85' lang='grc' dir='ltr'><strong><em>ές</em></strong></span> <span class='ocrx_word' id='word_1_595' title='bbox 256 4473 305 4533; x_wconf 77' lang='grc' dir='ltr'>τόν</span> <span class='ocrx_word' id='word_1_596' title='bbox 320 4472 419 4533; x_wconf 79' lang='grc' dir='ltr'>’Ἄθων</span> <span class='ocrx_word' id='word_1_597' title='bbox 428 4477 579 4551; x_wconf 87' lang='lat' dir='ltr'><strong><em>posuimus.</em></strong></span> <span class='ocrx_word' id='word_1_598' title='bbox 788 4473 850 4530; x_wconf 83' lang='lat' dir='ltr'><strong><em>edd.</em></strong></span> <span class='ocrx_word' id='word_1_599' title='bbox 867 4473 907 4530; x_wconf 91' lang='lat' dir='ltr'><strong><em>iii.</em></strong></span> <span class='ocrx_word' id='word_1_600' title='bbox 925 4477 973 4529; x_wconf 91' lang='grc'><strong>55.</strong></span> <span class='ocrx_word' id='word_1_601' title='bbox 990 4479 1062 4528; x_wconf 80' lang='lat' dir='ltr'><strong><em>ectr.</em></strong></span> <span class='ocrx_word' id='word_1_602' title='bbox 1078 4468 1125 4525; x_wconf 89' lang='lat' dir='ltr'><strong><em>ubi</em></strong></span> <span class='ocrx_word' id='word_1_603' title='bbox 1146 4485 1194 4524; x_wconf 87' lang='lat' dir='ltr'><strong><em>nos</em></strong></span> <span class='ocrx_word' id='word_1_604' title='bbox 1212 4483 1270 4521; x_wconf 85' lang='lat' dir='ltr'><strong><em>cum</em></strong></span> <span class='ocrx_word' id='word_1_605' title='bbox 1285 4460 1351 4518; x_wconf 82' lang='lat' dir='ltr'><strong><em>alus</em></strong></span> 
     </span>
    </p>
   </div>
   <div class='ocr_carea' id='block_1_13' title="bbox 0 0 1592 5040">
    <p class='ocr_par' dir='ltr' id='par_1_17' title="bbox 0 0 1592 5040">
     <span class='ocr_line' id='line_1_75' title="bbox 0 0 1592 5040; baseline 0 4"><span class='ocrx_word' id='word_1_606' title='bbox 0 0 1592 5040; x_wconf 95' lang='lat' dir='ltr'><strong><em> </em></strong></span> 
     </span>
    </p>
   </div>
  </div>
 </body>
</html>
