3122 5040
371 284 465 340 11011
986 287 1082 340 non

145 401 211 486 que,
225 411 255 468 ii.
271 415 376 469 1201.
389 411 586 482 αἱπλεῦνες,1.
602 416 668 471 199.
679 431 707 470 ο.
763 415 895 470 communi
925 433 1056 471 sermone.
1091 413 1162 470 Inde
1189 414 1325 490 formula,

150 489 242 548 Genii.
260 491 339 567 plur.
361 497 431 550 νεῶν
451 491 511 569 (vei
528 492 616 568 νηῶν)
636 491 708 550 rolin*
763 496 887 550 πλεῖστοι
907 491 976 564 ὅσοι,
992 495 1026 550 de
1043 514 1097 572 quo
1112 496 1140 551 iu
1155 513 1212 552 voc.
1227 492 1324 558 “Oooa

146 569 288 638 πλεύνων,
312 573 362 630 vii.
389 577 457 630 160.
481 593 515 629 m.
540 575 579 630 ix.
605 579 655 632 38.
680 594 708 630 o.
765 572 960 648 Superlotr'ous
981 573 1039 631 loco
1063 574 1251 650 Comparatioi
1271 595 1327 650 po·

146 651 245 710 Datis.
264 653 343 728 plur.
362 673 417 729 pro
436 649 536 711 πλέοσι
552 655 629 730 opud
648 653 709 712 Νο-
763 656 852 709 situs:
867 657 987 711 πλεῖστα
1001 651 1144 730 θωυμάσια
1157 651 1215 730 ἔχει
1227 652 1243 725 ἢ
1252 653 1328 725 ἄλλη

146 742 232 790 strum
245 731 347 808 (locum
362 735 424 810 jum
442 735 569 791 indicare
587 755 640 792 non
662 755 710 792 oo·
764 735 842 790 πᾶσα
851 731 937 810 χόρη,
948 736 976 792 11.
988 741 1036 793 35.
1047 757 1074 793 o.
1082 733 1123 791 N.
1134 735 1180 792 ubi
1184 737 1327 811 perellip·

148 810 204 889 leo)
219 812 314 872 MSS.
331 813 423 871 Arois.
440 824 466 871 et
484 813 565 872 Vinci.
580 813 711 872 πλεόνεσι
765 815 807 870 sin
817 824 882 889 post
894 819 1014 872 πλεῖστα
1027 816 1191 892 intellipitur
1205 817 1248 872 rol
1259 816 1327 874 πλέ·

142 893 711 972 11111111111111111111.πολλῷπλιέι-
765 916 827 951 ora.
843 893 973 972 Denique
986 905 1113 953 notentur
1127 897 1259 953 dictiones
1274 898 1326 954 liu·

149 997 210 1039 νας,
232 974 328 1032 Multo
346 975 452 1051 plures,
472 971 492 1031 1.
515 979 583 1032 211.
602 979 632 1050 s.
648 973 711 1040 roric
759 974 890 1050 jusmodi,
904 973 989 1054 ταύτῃ
1004 977 1169 1052 καὶμᾶλλον
1183 980 1215 1057 τῇ
1229 975 1327 1056 γνώμη

148 1057 281 1123 πλεῦνας,
302 1055 442 1130 Majorem
461 1063 580 1131 partem,
599 1057 620 1112 i.
645 1060 710 1114 106.
765 1053 896 1120 πλεῖστός
916 1059 979 1132 εἶμι,
1000 1058 1047 1115 vii.
1072 1062 1140 1114 220.
1161 1077 1188 1114 1.
1213 1066 1239 1114 11
1259 1058 1329 1116 olice

148 1155 184 1192 m.
202 1134 251 1191 Sic
264 1133 315 1199 τάς
325 1138 451 1199 πλεῦνας
461 1139 516 1192 τῶν
528 1139 677 1209 γυναικῶν,
689 1136 710 1193 1.
767 1136 857 1192 eodem
873 1141 1054 1211 pertinentes,
1076 1157 1144 1214 quos
1168 1156 1256 1211 supro
1277 1138 1328 1196 suls

150 1219 178 1272 1.
187 1217 218 1290 s.
230 1213 377 1293 ἀναφέρειν
387 1214 416 1280 ές
424 1218 556 1284 πλεῦνας,
567 1218 639 1274 Cum
648 1217 713 1292 plu·
767 1235 824 1272 vor.
839 1213 942 1294 Γνώμη
957 1237 1030 1274 num.
1044 1223 1072 1274 2.
1088 1218 1213 1292 adposui.

148 1297 227 1352 ribus
242 1297 460 1365 communicare,
475 1297 517 1352 iii.
539 1298 588 1358 72.
604 1301 635 1372 s.
653 1297 710 1366 Sic,
746 1293 848 1363 Πόλος,
871 1319 911 1365 ου,
939 1297 964 1366 ό,
990 1299 1086 1367 Polus,
1115 1297 1326 1372 Horologium,

149 1376 210 1451 περὶ
224 1374 365 1433 σπονδέων
375 1375 499 1433 α’νοίσειν
512 1376 541 1440 ἐς
555 1373 618 1440 roric
628 1380 711 1434 πλεῦ·
765 1378 824 1432 sive
847 1381 941 1452 potius
975 1379 1200 1435 Instrumentum
1227 1377 1329 1434 defini-

150 1479 211 1526 νας,
226 1459 247 1513 1.
264 1476 291 1532 q.
307 1455 336 1520 ἐς
349 1453 379 1514 τὰ
392 1457 508 1525 πλῆθος,
520 1455 549 1521 ἐς
557 1454 605 1514 τὸν
615 1455 711 1532 δῆμον,
766 1457 846 1512 endis
871 1459 937 1514 anni
960 1460 1089 1534 partibus
1110 1458 1274 1527 inserviens,
1297 1459 1327 1516 ii.

148 1538 197 1594 vii.
214 1541 281 1594 149.
296 1556 330 1592 m.
769 1540 836 1594 109.
846 1537 925 1610 f.N.

189 1615 223 1692 8)
236 1615 376 1674 Neutrum
393 1615 592 1692 Comparatioi,
608 1621 712 1686 Πλεῦν,
747 1615 955 1694 Πολυόργυρος,
977 1615 1003 1685 ὁ,
1025 1617 1052 1688 ἡ,
1071 1619 1197 1676 Multum
1219 1619 1331 1693 urgenti

149 1706 188 1767 ut,
204 1700 248 1754 καὶ
260 1699 349 1754 πλεῦν
362 1693 401 1754 ἔτι
415 1695 511 1755 τούτου
524 1695 712 1769 κα1ἕλασσον,
765 1699 924 1772 possidens.
956 1698 1039 1756 Asioi
1065 1695 1329 1775 πολυαργυρότατοι,
1427 1701 1433 1714 “

149 1779 179 1835 11.
198 1782 245 1835 19.
261 1797 289 1834 α.
305 1773 362 1850 ἐγῶ
382 1774 542 1854 αὐτῆςέτῆς
561 1777 713 1856 συμφορῆς)
767 1796 795 1834 v.
811 1781 860 1836 49.
873 1798 908 1836 m.

150 1856 181 1915 τὸ
194 1861 283 1915 πλεῦν
296 1856 414 1934 (Majori
423 1877 459 1915 ex
469 1869 558 1934 parte,
571 1857 713 1935 Maxime)
748 1855 919 1933 Παλυιιρκὴς,
930 1859 978 1916 Ad
989 1860 1078 1916 multa
1088 1859 1239 1929 sufficiens,
1251 1859 1330 1917 Mul·

150 1935 268 2016 μέτοχός
289 1939 354 2014 εἶμι,
369 1939 411 1995 111.
432 1944 481 1996 52.
503 1958 538 1995 m.
560 1937 714 2014 προειδότος
768 1939 804 1994 tis
822 1941 914 1996 modis
935 1940 1012 1997 utilis
1037 1948 1067 1996 et
1087 1941 1256 1996 fructuosum
1280 1961 1330 1996 πο·

150 2023 238 2076 πλεῦν
251 2043 286 2088 τι,
301 2021 344 2076 ix.
361 2018 551 2090 41.f.Semel
564 2023 679 2089 Πλεῖον,
690 2021 711 2076 1.
768 2016 969 2092 λυαρκὲστατος
995 2016 1129 2093 ποταμός,
1158 2019 1330 2077 Uberrimus

152 2103 220 2157 192.
234 2119 268 2156 m.
284 2118 319 2156 eu
333 2099 510 2156 librariorum
527 2103 652 2175 sortasse
666 2120 713 2157 or·
767 2097 871 2155 fluvius
884 2100 1006 2175 plurima
1019 2107 1049 2156 et
1066 2099 1233 2175 multiplicia
1252 2119 1328 2157 com·

151 2180 265 2237 bitrotu.
297 2178 464 2256 Plerumque
492 2177 586 2238 Πλέον
609 2184 714 2256 purtim
768 2179 853 2236 modu
865 2188 1013 2255 praestans,
1025 2181 1062 2236 iv.
1079 2183 1127 2236 53.
1140 2199 1166 2235 1.

151 2261 287 2334 adjective
310 2262 437 2335 positum,
459 2263 563 2335 partim
585 2262 714 2318 11111111-
749 2257 915 2330 Πολύγονον
935 2261 1015 2329 lior,
1035 2260 1224 2329 Foecundum,
1244 2260 1330 2318 Foeiu

151 2335 715 2417 111111.πολλῷπλέον11χοντῶνΛακεδαι·
769 2341 915 2397 abundans
928 2341 1041 2404 animal,
1057 2341 1096 2397 iii.
1118 2343 1184 2397 108.
1200 2360 1226 2396 1.

151 2426 266 2498 μονίωυ,
279 2421 374 2477 Μ111ο
384 2421 447 2497 plus
455 2422 618 2479 habuerunt
628 2443 714 2499 quam
749 2417 936 2496 Πολυήρατος,
951 2420 974 2490 ὁ,
987 2419 1013 2490 ἡ,
1029 2421 1119 2478 Valde
1131 2420 1267 2477 amabilis·
1277 2443 1329 2476 πο-

151 2501 372 2570 Lacedsemonii,
394 2504 415 2558 i.
440 2521 462 2558 e.
487 2503 581 2559 Multo
602 2504 643 2560 eis
667 2504 713 2560 lu·
767 2499 906 2576 λυήρατον
919 2499 1040 2574 Λιβύην,
1055 2502 1092 2558 iv.
1108 2505 1174 2558 159.
1191 2503 1220 2557 in
1237 2498 1322 2558 Oroc.

151 2591 237 2639 erunt
260 2582 434 2657 Superiores,
449 2583 490 2638 ix.
512 2584 605 2644 70.1.
630 2583 714 2640 Sinni·
749 2579 938 2657 Πολύκαρπος,
958 2579 982 2653 ό,
998 2579 1025 2652 η’,
1045 2601 1098 2639 non
1115 2582 1201 2638 solum
1221 2581 1330 2638 Multos

152 2659 713 2740 11111,πλέοναὶείκοτεῦμέωνὲφερόμεθα,
767 2663 876 2720 fructus
904 2665 1016 2728 ierens;
1037 2663 1087 2719 secl
1107 2671 1142 2732 et,
1165 2663 1242 2737 apud
1265 2660 1329 2719 No·

152 2744 273 2819 Semper
298 2744 377 2799 vobis
404 2744 509 2800 fuimus
535 2746 713 2820 Superiores,
767 2751 852 2799 strum
876 2745 994 2820 quidem,
1021 2742 1129 2799 Multos
1151 2743 1260 2799 fructus
1283 2762 1329 2799 ea-

150 2825 212 2881 viii.
224 2827 271 2881 29.
282 2842 308 2880 1.
319 2823 343 2879 el
354 2846 380 2880 τι
390 2823 487 2899 ἐνορέω
498 2826 593 2890 πλέον,
606 2826 637 2881 Si
645 2825 714 2900 quid
767 2824 849 2898 piene
861 2845 868 2892 3
892 2824 1061 2899 Opulentus,
1073 2823 1231 2897 praesertim
1245 2831 1330 2878 terrae

150 2905 273 2980 amplius
305 2904 397 2972 video,
432 2902 551 2980 (nempe,
582 2905 715 2980 Amplius
766 2904 905 2978 frugibus.
922 2901 1030 2978 Φρύγες
1048 2898 1327 2976 πολυπροβατώτατοι

151 2986 268 3060 quidem
292 3003 377 3058 quam
404 2984 434 3040 id
459 2985 536 3059 quod
562 2985 592 3040 in
620 2985 714 3042 oculos
767 2985 812 3039 καὶ
826 2981 1070 3058 πολυκαρπότατοι,
1085 3001 1111 3038 v.
1127 2986 1175 3039 49.
1190 3001 1225 3038 m.

151 3061 296 3139 incurrit,)
314 3065 335 3120 i.
359 3067 407 3121 89.
423 3084 449 3120 a.
470 3061 549 3122 οὐδὲν
569 3061 609 3121 ἔτι
627 3068 715 3121 πλέον
748 3058 1046 3139 ΠολυμηκάδεςαῙγες,
1060 3062 1118 3119 viii.
1131 3066 1179 3119 20.
1195 3064 1225 3118 iu
1242 3059 1328 3119 Orac.

150 3143 263 3219 ἐγένετο
275 3146 400 3213 τουτέων,
415 3145 455 3201 ix.
473 3147 541 3206 107.
557 3147 588 3220 s.
605 3156 631 3202 et
648 3149 713 3202 121.
769 3145 1064 3202 Multum-meconem.

152 3235 226 3282 eutr.
242 3225 339 3302 quibus
353 3225 461 3301 quidem
472 3225 597 3282 ambobus
608 3228 636 3282 in
648 3225 714 3283 locis
747 3221 970 3293 Πολυπλάνητος
988 3222 1058 3280 MS.
1073 3220 1107 3278 F.
1122 3221 1140 3278 i.
1162 3225 1211 3278 56.
1227 3241 1261 3278 m.
1282 3220 1330 3277 ubi

144 3309 270 3383 sortasse
296 3325 351 3381 pro
378 3324 452 3380 more
478 3325 527 3362 suo
553 3304 714 3364 Herodotus
767 3306 846 3382 culpo
860 3307 1005 3362 Πουλυπλ.
1022 3303 1095 3379 quod
1107 3302 1170 3359 sirie
1184 3303 1272 3376 infru.

151 3384 231 3444 οὐδὲν
244 3385 290 3442 ἐπὶ
302 3383 399 3454 πλέον,
415 3386 535 3442 eamdem
555 3389 584 3443 in
604 3396 713 3444 senten·
747 3389 1009 3460 Πολυπρηγμονεῖν.
1034 3385 1093 3441 Res
1113 3401 1200 3439 novas
1225 3381 1327 3449 moliri,

152 3469 228 3537 tiam,
249 3469 410 3542 scripserat,
424 3475 455 3522 ut
472 3466 522 3522 vii.
543 3471 592 3523 42.
615 3487 642 3523 o.
668 3467 716 3523 nbi
765 3466 806 3522 iii.
833 3470 880 3522 15.
901 3485 927 3522 1.
953 3464 1068 3540 Adfinis
1092 3474 1131 3522 est
1144 3462 1280 3537 formula,
1303 3464 1330 3518 rt

153 3548 217 3603 uide
241 3545 308 3603 Not.
332 3555 358 3603 et
380 3544 452 3602 locos
475 3545 513 3603 iti
537 3549 633 3604 citatos
644 3569 654 3615 ,·
681 3547 712 3603 ii.
766 3543 862 3603 πολλό
875 3543 1025 3622 πρήσσεις;
1055 3545 1114 3602 Cur
1131 3545 1216 3601 rebus
1229 3543 1328 3599 alienis

155 3627 222 3688 171.
238 3647 263 3683 1.
275 3623 336 3702 (ubi
349 3623 431 3684 εἰδότι
440 3649 488 3703 μοι
499 3623 543 3682 ἐπὶ
554 3629 641 3684 πλέον
654 3627 715 3702 περὶ
766 3634 795 3683 te
809 3626 970 3683 immiscesl
993 3645 1020 3683 v.
1038 3629 1086 3682 33.
1095 3627 1124 3700 f.

154 3703 282 3781 mirum)
297 3726 325 3764 v.
342 3711 390 3764 51.
407 3716 480 3764 eutr.
496 3707 544 3764 ubi
557 3707 715 3784 jnnpuntur
747 3703 975 3782 Πολυπρόβατος,
995 3706 1104 3762 Multos
1124 3721 1226 3780 greges
1240 3702 1327 3766 alens,

153 3785 199 3845 e’rri
219 3786 307 3844 πλέον
322 3785 394 3863 (siue
409 3805 465 3844 una
482 3805 546 3843 uoce
569 3785 715 3860 ε’πιπλέον)
767 3787 830 3843 uide
845 3790 874 3842 in
889 3782 1079 3860 Πολόκαρπος.

153 3864 203 3937 ἔτι,
219 3877 274 3925 ium
287 3887 314 3925 v.
336 3871 402 3925 125.
422 3867 449 3924 b.
470 3867 517 3924 ubi
532 3865 577 3923 ἐπὶ
595 3862 715 3935 πλεῦνῆ
748 3863 851 3932 Πολιὶς,
865 3867 929 3922 vide
944 3862 1065 3929 Πολλός.

152 3945 292 4023 πρότερον,
303 3949 420 4024 denique
428 3948 468 4004 ix.
479 3952 527 4004 41.
540 3967 566 4003 1.
579 3947 626 4004 ubi
636 3943 716 4003 οὐδέν
748 3943 909 4012 Πολύτιτος,
931 3943 954 4014 ὁ,
972 3942 998 4014 ἡ,
1014 3945 1105 4002 Valde
1124 3944 1287 4012 honoratus,
1302 3952 1328 4000 et

151 4028 407 4102 ε’πὶπλεῦνέγίνετο
415 4027 715 4099 τουτέων,1111111111-
767 4027 859 4084 Valde
872 4026 1061 4094 honorandus,
1080 4033 1111 4082 ut
1127 4027 1156 4081 in
1178 4022 1262 4081 Oroc.
1282 4020 1327 4080 oi·

153 4110 225 4168 tibus
240 4109 318 4167 libris
330 4107 459 4165 omnibus.
470 4109 558 4164 πλέον
568 4107 716 4164 adverbiu—
768 4129 809 4170 τις
823 4129 854 4162 σε
867 4109 928 4176 τίει,
942 4101 1188 4174 πολύτιτονέόντα,
1199 4124 1227 4161 v.
1238 4107 1286 4173 92,
1300 4107 1328 4161 2.

154 4191 220 4249 liter
227 4188 354 4267 positum,
368 4188 537 4264 Magis,cnm
546 4187 715 4257 1111111111,
748 4189 933 4263 Πολυτροπίη,
948 4183 974 4255 ἡ,
987 4186 1130 4252 versutia,
1141 4185 1265 4242 Asturia.
1280 4206 1331 4240 πο·

154 4281 209 4328 tum
233 4273 262 4328 in
284 4273 338 4327 ista
363 4270 490 4337 dictione,
515 4269 603 4325 πλέον
623 4270 717 4345 μέντοι
768 4270 901 4344 λυτροπίη
915 4264 1109 4342 περιγενέσθαι
1120 4268 1167 4324 τοῦ
1180 4262 1330 4338 βασιλῆος,

152 4348 230 4427 ἔφερέ
250 4350 276 4408 οἱ
299 4348 314 4420 ἡ
336 4346 436 4427 γνώμη
450 4359 500 4406 ete.
524 4349 582 4406 viii.
605 4353 672 4406 100.
689 4369 716 4406 α.
768 4348 799 4405 11.
819 4352 884 4417 121,
900 4352 928 4405 5.
944 4367 979 4404 m.

154 4435 227 4508 confi
242 4429 354 4507 Γνώμη,
369 4450 442 4488 num.
458 4434 486 4485 2.
750 4425 979 4506 Πολυφάρμακος,
998 4425 1023 4496 ὁ,
1045 4425 1072 4497 ἦ,
1087 4423 1182 4484 Multa
1194 4423 1331 4482 veneficia

195 4511 229 4588 9)
253 4511 448 4588 Superlaiiuus
470 4513 615 4580 Πλεῖστος,
638 4511 717 4567 utin
769 4510 886 4567 habens.
922 4505 1117 4585 πολυφόρρακε
1151 4509 1245 4580 Κίρκη,
1277 4502 1330 4560 Vir.
